3180 4870
652 279 860 349 „29-

250 451 483 536 ἀπνιροπαιος,
514 449 720 535 βοηδρόμιος,
728 449 750 531 1)
777 456 814 516 ut
836 457 942 516 autem
964 448 997 516 in
1021 448 1107 514 uultu
1129 447 1272 512 Romano

146 575 149 581 ·
246 555 359 620 eadem
388 554 522 620 facultas
549 555 757 636 praevaleret,
792 573 864 619 cum
886 552 1009 635 Apelle,
1042 552 1127 633 quod
1144 568 1271 616 nomen

246 659 286 722 ab
303 659 454 724 Aeolibus
470 663 525 722 aut
539 657 747 724 Doriensibus
761 657 872 724 Italiae
887 655 1044 725 inferioris
1059 659 1271 736 sumpserant,

245 767 313 826 tum
337 761 408 828 libri
433 760 577 844 Sibyllini
599 761 747 826 videntur
768 761 920 826 effecisse.
964 759 1136 833 attributa,
1159 758 1272 840 quibus

245 863 380 930 Romani
408 864 495 935 illam
518 863 672 944 Apollinis
700 869 845 928 naturam
876 864 1034 944 indicant,
1072 867 1146 928 sunt
1174 861 1271 926 haee:

246 966 363 1046 Paean,
376 960 400 1048 ²)
422 968 573 1046 medicus,
587 965 613 1048 ³)
629 965 741 1049 opifer,
754 963 778 1046 4)
794 965 924 1048 pacifer,
938 965 962 1046 ⁵)
978 966 1061 1032 mala
1083 958 1270 1046 apellensl)

244 1062 1271 1152 vietor,⁷)praestanS‚⁸)sanotuS‚⁹)propugnator,¹⁰)salutaria,¹¹)

246 1178 451 1254 conservator
472 1167 665 1253 Augmustb
688 1192 819 1256 quorum
843 1172 1009 1254 quaedam,
1031 1178 1067 1234 ut
1088 1177 1217 1236 sanetus
1230 1174 1272 1244 ,et
1306 1174 1309 1178 ’

249 1272 359 1354 opifer,
383 1273 531 1341 Herculis
554 1295 678 1358 quoque
701 1281 775 1341 sunt
802 1275 944 1358 epitheta
966 1275 1144 1357 superantis
1166 1273 1272 1338 omnia

248 1459 300 1516 δύο
320 1466 446 1525 παιᾶνας
466 1451 540 1534 ᾖδον
561 1455 743 1532 οὶἝλληνες,
771 1459 826 1532 πρὸ
845 1461 894 1532 μὲν
913 1465 963 1516 τοῦ
983 1451 1106 1532 πολέμου
1124 1465 1163 1536 τῷ
1183 1449 1270 1530 ’'Apsa,

247 1545 317 1616 μετὰ
336 1546 367 1602 δὲ
389 1546 439 1603 τὸν
468 1547 591 1618 πόλεμον
613 1550 651 1622 τῷ
671 1549 843 1618 Ἀπόλλωνι).
882 1549 1063 1602 Romanorum
1081 1557 1171 1602 autem
1189 1547 1272 1602 duces

248 1651 282 1688 ex
300 1633 373 1687 bello
391 1636 494 1688 reversi
521 1635 653 1688 derebus
680 1651 744 1688 ase
762 1637 846 1702 g'estis
864 1643 949 1702 agunt
976 1641 1022 1687 aut
1045 1637 1121 1688 iuxta
1140 1635 1272 1690 Bellonae

251 1720 382 1786 templum
400 1720 532 1789 (Tiesler,
556 1721 598 1774 De
617 1721 747 1774 Bellonae
765 1723 840 1774 culta
864 1729 891 1774 et
909 1725 992 1775 saeris
1010 1736 1035 1788 p.
1056 1723 1100 1790 11)
1125 1729 1172 1773 aut
1189 1724 1272 1788 Apol*

245 1806 309 1859 linis
319 1805 482 1874 (Weissenb.
493 1810 527 1858 ad
540 1805 720 1877 Liuillae).
757 1807 829 1862 Νιιιιι
841 1807 994 1872 Rosoherus
1010 1808 1141 1876 (Apollon
1151 1825 1175 1860 ιι.
1188 1808 1272 1872 Mars,

248 1891 361 1960 Leipzig
387 1892 464 1959 1873)
489 1891 668 1948 Graecoitalis
690 1893 853 1960 ,Apollinem
877 1894 1047 1960 Martemque
1071 1894 1166 1948 eadem
1190 1895 1271 1948 luisse

249 1978 359 2030 numina
379 1970 457 2030 ‘recte
486 1977 673 2046 affirmaverit,
707 1995 767 2032 oum
795 1980 946 2033 Wieselero
975 1981 1059 2046 (tht
1084 1980 1136 2048 gel.
1162 1983 1230 2034 buz.
1247 1997 1271 2034 a.

251 2070 323 2131 1114,
348 2079 374 2130 p.
402 2071 466 2117 1400
490 2067 577 2132 seqq.)
603 2063 695 2118 dubito
717 2080 803 2130 neque
828 2065 891 2118 huie
908 2067 936 2118 iu
955 2068 1006 2133 eis,
1042 2081 1110 2131 quae
1134 2066 1188 2119 alia
1209 2083 1271 2134 pro·

248 2149 345 2216 posuit,
363 2163 474 2216 prorsus
493 2150 631 2204 assentior.
733 2159 735 2164 '

319 2235 471 2304 1)Μ11Ηιιι,
494 2236 608 2303 Dorier,
628 2235 649 2304 1,
675 2238 737 2304 298,
764 2237 899 2304 Ehliuger
918 2239 936 2290 l.
954 2253 976 2290 e.
995 2253 1021 2304 p.
1044 2247 1082 2291 11.
1114 2238 1156 2291 De
1181 2240 1272 2306 ampla

249 2319 293 2374 dei
310 2323 336 2372 vi
353 2321 457 2374 medica
467 2321 539 2375 Plut.
558 2324 597 2390 (in
610 2322 717 2387 Quaest.
730 2323 860 2378 convivel.
880 2322 954 2390 VIII,
973 2327 1018 2391 44)
1030 2323 1194 2380 Praxitelem
1207 2325 1274 2378 haee

248 2407 315 2460 facit
332 2405 479 2460 dicentem:
498 2407 632 2476 ,Σαύλιον
651 2408 682 2462 δὲ
695 2409 797 2462 Habui
811 2409 860 2464 καὶ
869 2403 1045 2478 ἀκροθινίων
1062 2413 1110 2464 καὶ
1127 2411 1273 2478 τροπαίων

253 2485 402 2556 α’ναθέσεις
432 2483 478 2560 ἄρ’
507 2489 819 2563 οὕξσνμμαρτνροιῒσιν
851 2489 896 2550 ὅτι
915 2497 972 2565 laris
998 2498 1036 2560 εἰς
1059 2493 1091 2552 τὰ
1118 2501 1201 2552 νικᾶν
1224 2497 1273 2550 καὶ

250 2583 361 2644 κρατεῖν
387 2578 530 2647 δυνάμεως
553 2585 592 2651 τῷ
609 2579 675 2653 Ῑδεῷ
697 2579 786 2653 τούτῳ
806 2585 935 2636 πλεῖστον
952 2581 1108 2652 μέτεστιν;“
1134 2593 1162 2637 et
1179 2585 1272 2651 paullo

250 2673 342 2718 autea:
373 2661 457 2735 ,παρ’
476 2659 510 2720 οὖ
528 2663 579 2736 τὴν
606 2665 716 2737 ὑγίειαν
743 2666 839 2737 ἔχομεν
864 2671 947 2737 θεοῦ,
975 2673 1078 2724 τοῦτον
1105 2667 1216 2738 εὐεξίαν
1244 2688 1272 2723 τε

252 2750 365 2806 διδόναι
383 2754 431 2808 καὶ
450 2750 547 2824 ῥώμην
566 2753 611 2810 ἐπὶ
629 2752 696 2820 τούς
713 2751 824 2824 οἰνῶνας
841 2751 931 2829 ᾤοντο
964 2757 1034 2826 (scil.
1053 2757 1081 2811 oi
1098 2750 1269 2826 Ἀθηναῖοι).

319 2836 342 2906 2)
362 2839 421 2892 Liv.
440 2841 497 2909 XL,
518 2850 558 2908 ol,
589 2842 699 2895 Petron.
718 2843 814 2909 fragm.
843 2843 914 2910 XLI,
941 2843 1025 2896 Maor.
1053 2843 1107 2899 Sat.
1126 2845 1147 2910 Ι,
1168 2852 1207 2911 17,
1229 2851 1272 2910 153

253 2923 320 2980 Stat.
338 2924 403 2978 silv.
422 2927 443 2993 Ι,
463 2931 486 2993 1,
506 2933 538 2993 2;
556 2925 591 2993 II,
612 2936 637 2990 7,
650 2934 685 2996 *83
704 2928 792 2984 Theb.
810 2928 830 2996 1,
851 2934 908 2982 636.

332 3011 418 3077 )Liv.
437 3012 455 3065 l.
473 3029 510 3079 o.;
529 3014 614 3070 Maor.
634 3014 652 3066 l.
671 3029 693 3068 c.

363 3097 409 3152 Ov.
427 3098 541 3154 Metam.
560 3098 581 3167 1,
601 3107 657 3154 521.

363 3181 447 3236 Orelli
464 3181 548 3238 lusor.
569 3185 615 3238 lat.
635 3185 655 3253 1,
675 3201 700 3239 n.
722 3193 795 3240 1440.

254 3617 293 3678 73,
322 3610 355 3663 de
379 3612 459 3666 divin.
487 3613 522 3684 11,
545 3621 585 3682 56,
615 3624 661 3670 llo
688 3616 789 3682 (Varro
808 3605 839 3671 L.
858 3617 887 3670 L.
909 3616 967 3686 Vll,
989 3618 1041 3687 11),
1067 3619 1140 3674 Sext.
1171 3621 1276 3688 Turpil.

156 3720 159 3727 ·
229 3685 234 3700 '
255 3703 312 3761 118,
331 3695 365 3751 of.
387 3707 434 3752 114
461 3703 495 3765 (v.
515 3701 590 3754 Soen.
608 3702 685 3770 Rom.
703 3717 777 3770 poes.
796 3703 874 3770 frgm.
898 3695 951 3757 reo.
968 3704 1134 3774 Ribbeekius
1150 3706 1185 3775 ΙΙ,
1206 3709 1276 3776 100),

252 3784 347 3837 ineert.
364 3784 448 3839 fabul.
467 3786 520 3840 VII
547 3787 636 3854 (Ribb.
655 3788 673 3842 l.
692 3803 713 3841 o.
732 3789 765 3857 Ι),
791 3789 853 3844 Val.
873 3787 965 3863 Flaoo.
987 3791 1008 3856 l,
1034 3800 1073 3859 11,
1091 3793 1126 3847 ol.
1145 3793 1277 3848 Graeeum

253 3869 394 3936 epitheton
416 3868 500 3939 ἁγνός
523 3873 597 3939 apud
615 3874 779 3930 Muellerum
797 3878 814 3928 l.
833 3892 855 3930 o.
873 3876 894 3943 Ι,
914 3882 963 3930 304
981 3884 1008 3930 et
1026 3883 1085 3932 836.

314 3954 348 4024 ¹⁰)
367 3957 396 4009 iu
414 3961 510 4025 numis,
529 3959 563 4013 ef.
582 3960 683 4013 Rasehi
701 3961 822 4014 Lerieon
841 3962 913 4038 unia.
931 3962 972 4037 rei
988 3977 1060 4016 num.
1077 3979 1097 4018 s.
1116 3981 1139 4018 v.
1158 3966 1267 4033 Apollo.

311 4041 345 4109 ¹¹)
365 4042 439 4096 Haeo
462 4045 611 4112 epigraphe
635 4047 749 4112 primum
773 4048 891 4100 occurrit
917 4049 944 4100 in
970 4053 1058 4102 numia
1075 4055 1275 4120 imperatorum,

253 4125 286 4180 oi.
306 4127 454 4182 Rasohium
471 4130 490 4184 l.
508 4146 530 4184 o.
553 4173 557 4178 .
644 4171 647 4176 .
698 4165 701 4169 -
811 4128 813 4172 ζ

316 4209 350 4281 ¹⁹)
369 4214 403 4267 cf.
423 4214 569 4269 Rasohinm
588 4218 606 4270 l.
625 4231 648 4271 o.
809 4205 813 4214 “
