3180 4870
692 305 906 372 ‚pp-

282 483 457 550 canebatur
471 479 644 545 saeculare.
651 474 674 557 ¹)
712 479 762 544 De
777 497 851 560 quo,
864 478 1007 559 quamvis
1028 479 1068 542 ad
1093 478 1316 546 disserendum

282 586 345 651 iau
368 581 484 649 multos
507 582 701 662 excitaverit,
724 599 827 663 pauca
847 581 943 647 liceat
965 580 1096 647 addere.

366 685 482 752 Utrum
512 705 531 751 a
560 683 667 768 pueris
696 683 933 766 virginibusque
957 701 1085 749 cumen
1109 685 1317 752 amoebaeum

283 795 446 857 cantatum
454 789 614 868 sitnecue‚
622 789 685 853 iam
693 787 748 853 diu
760 791 809 854 est
820 806 872 854 res
881 793 1097 853 controversa.
1121 783 1316 867 Kuehuius²)
1388 825 1390 831 ·

282 893 528 978 nuperrimeeos
542 884 737 971 estsecutus‚
750 889 805 971 qui
815 889 848 954 id
859 897 987 972 negant.
1022 888 1086 955 Sed
1103 889 1196 956 valde
1209 891 1317 973 miror,

283 998 367 1080 quod
384 1015 448 1062 uua
467 1013 538 1061 cum
559 1013 596 1060 ea
611 992 796 1075 quaestione
817 992 933 1057 iterum
957 998 1053 1075 atque
1068 993 1185 1058 iterum
1201 1012 1317 1076 propo·

279 1103 342 1170 sita
363 1119 426 1166 non
442 1097 528 1164 aliud
543 1115 667 1180 quoque
691 1101 740 1162 est
761 1095 1002 1178 interrogatum.
1046 1096 1139 1180 Apud
1155 1097 1316 1164 Zosimum

282 1205 367 1271 enim
389 1203 410 1270 l.
428 1221 455 1267 o.
470 1199 625 1282 scriptum
639 1199 803 1284 videmus:
829 1197 974 1284 ,,Ἡμέρᾳ
997 1198 1032 1264 di
1046 1199 1153 1285 τρίτῃ.
1169 1249 1177 1265 .
1193 1249 1200 1264 .
1217 1251 1224 1266 .
1249 1199 1319 1284 τρὶς

281 1305 376 1372 ἐννέα
404 1305 515 1380 παῖδες
553 1300 722 1386 ἐπιφανεῖς
750 1298 829 1384 μετὰ
851 1299 1029 1384 παρθένων
1053 1297 1246 1368 sororisant.
1262 1353 1269 1368 .
1286 1351 1316 1368 ..

284 1403 412 1491 ὕμνους
444 1401 564 1491 ᾅδουσι
589 1407 636 1487 τῇ
678 1425 711 1468 τε
738 1399 907 1488 Ἑλλήνων
935 1401 990 1468 καὶ
1017 1401 1191 1489 Ῥωμαίων
1221 1406 1318 1491 φωνῇ

282 1510 338 1576 καὶ
351 1511 503 1588 παιᾶνας,
527 1503 563 1570 δι’
589 1497 636 1572 οἶν
651 1507 686 1571 ui
698 1501 765 1570 ὑπὸ
787 1505 962 1589 Ῥωμαίοις
986 1501 1144 1584 σώζονται
1169 1503 1315 1585 πόλεις.“

282 1611 310 1677 Ε
337 1611 450 1695 quibus
472 1610 587 1692 verbis,
622 1611 682 1676 etsi
705 1610 801 1675 etiarn
825 1611 973 1675 carminis
997 1608 1171 1676 saecularis
1193 1614 1315 1677 textum

285 1715 444 1781 Graecum
473 1718 636 1780 cantatum
667 1732 737 1780 esse
766 1718 969 1794 sumpserunt
998 1711 1058 1777 riri
1088 1711 1276 1796 doctissimi,
1290 1710 1316 1795 ³)

283 1824 400 1896 tamen,
413 1815 571 1898 quomodo
588 1820 700 1882 cautus
715 1815 767 1898 sit,
779 1833 933 1897 quaerere
948 1814 1169 1897 neglexerunt.
1204 1815 1317 1883 Nonne

283 1927 334 1988 est
356 1920 525 1986 verisimile
548 1937 664 2002 pueros
681 1919 833 1985 cecinisse
855 1924 978 1984 textum
995 1918 1164 2001 Graecum,
1179 1919 1317 2001 virgines

284 2023 433 2090 Latinum
464 2029 497 2090 et
527 2021 653 2104 quidem
676 2023 733 2101 ita
765 2027 801 2086 ut
823 2021 975 2104 deinceps
1001 2020 1143 2104 singulae
1165 2022 1317 2106 strophae

285 2123 419 2193 Latinae
441 2130 651 2207 sequerentur
672 2124 812 2206 singulas
835 2124 999 2192 Graecas?

372 2229 435 2296 Sed
459 2233 546 2295 mota
566 2219 629 2294 iarn
653 2228 713 2293 hao
736 2228 922 2309 quaestione
950 2225 1045 2294 finem
1067 2227 1220 2296 faciamus
1242 2229 1316 2296 huic

285 2331 325 2398 de
351 2332 498 2415 Apolline
525 2331 666 2397 Romano
701 2330 1009 2412 dissertatiunculae‚
1049 2350 1142 2415 quern
1173 2331 1317 2416 quamvis
1413 2419 1415 2422 Ι

285 2453 400 2518 magno
437 2453 532 2502 cursu
569 2433 609 2499 ab
636 2434 753 2510 infimo
779 2435 832 2510 ,ad
862 2453 1019 2502 summum
1049 2437 1134 2520 apud
1156 2437 1316 2504 Romanos

283 2538 412 2605 honoris
434 2537 567 2620 madum
589 2539 785 2606 deduximus.

355 2709 377 2776 ¹)
397 2707 468 2763 Nun
488 2709 533 2762 hio
546 2723 612 2776 uros,
631 2715 659 2762 ut
678 2709 706 2764 iu
721 2710 826 2764 Graeco
838 2708 912 2764 cuitu
924 2709 1002 2778 pueri
1014 2709 1185 2778 virginesque
1204 2719 1315 2781 canant,

285 2793 319 2848 ad
338 2793 365 2850 id
384 2797 528 2864 pertineat,
547 2795 619 2862 quod
637 2794 700 2850 iude
717 2794 849 2850 aPuuico
868 2794 940 2849 bello
957 2795 1074 2850 secundo
1092 2797 1205 2851 iuvenes
1218 2798 1315 2852 utrius·

285 2895 338 2948 que
356 2881 465 2948 genens
483 2887 511 2934 et
528 2894 627 2934 canere
645 2885 673 2934 ct
695 2881 796 2935 saltare
815 2879 923 2935 discunt
946 2881 1045 2950 (Maor.
1064 2881 1160 2949 Sati,
1181 2889 1219 2951 14,
1238 2889 1262 2952 4,
1280 2882 1316 2939 cf.

288 2965 457 3034 Marquardt,
478 2965 681 3020 Privatalterth.
700 2965 720 3033 1,
742 2968 811 3034 120),
831 2966 858 3020 in
876 2966 966 3020 medio
975 2967 1162 3036 relinquimus3
1181 2968 1233 3022 hoc
1242 2975 1316 3023 certe

287 3068 340 3106 non
358 3058 400 3107 est
418 3051 536 3119 dubium,
560 3053 626 3119 quin
644 3053 763 3107 Graccus
784 3051 896 3106 deorum
918 3053 1007 3107 cuitus
1028 3053 1110 3109 etiam
1132 3059 1191 3108 arte
1213 3055 1314 3110 musica

287 3137 468 3194 Rornanorum
486 3139 590 3193 animos
606 3139 806 3206 aliquantulum
824 3139 1034 3195 confirmaverit.

354 3223 415 3294 ²)1.
435 3239 459 3279 c.
477 3241 524 3293 pp.
545 3231 617 3278 l-ut.

354 3309 379 3380 ³)
397 3312 429 3367 Iu
447 3313 487 3367 eis
504 3319 546 3367 est
564 3311 767 3379 Marquardtius
786 3314 803 3366 l.
823 3328 846 3367 c.
865 3311 912 3380 Vl,
931 3318 988 3367 8⁷8.
