3180 4870
660 269 871 334 ...43-

259 445 351 510 datos
373 447 407 506 et
422 411 580 508 circenses
596 445 629 506 et
644 439 797 506 scenicos
809 435 832 518 ¹)
848 476 889 486 —
907 438 1100 521 sequentem
1114 442 1155 507 ad
1170 460 1288 508 anuum

260 544 424 626 (5431211)
432 535 570 622 Livius2)
580 540 616 608 C.
624 541 795 624 Calpurnio
802 539 826 621 3)
835 542 949 608 Pisone
957 549 1106 624 praetore
1119 542 1287 624 referente,

257 655 294 718 ut
324 667 361 712 eo
395 663 478 710 anno
508 651 640 727 propter
669 645 815 728 prodigia.
840 643 954 712 fierent
984 646 1050 710 ludi
1078 647 1287 727 Apollinares

260 756 406 819 senatum
429 747 609 814 decrevisse
632 753 750 828 narrat,
766 751 856 818 utin
875 753 1065 830 perpetuum
1080 756 1287 828 voverentur;
1406 803 1409 808 .
1431 737 1436 746 ’

259 859 333 920 sunt
365 852 472 934 igitur,
513 869 586 916 cum
620 850 707 916 nullo
741 855 815 917 ante
849 856 977 916 senatus
1015 853 1147 918 consilio
1180 859 1293 920 essent.

258 954 386 1034 firmati,
420 955 481 1018 hoo
512 953 552 1018 ab
583 971 664 1018 anno
695 953 791 1018 annui
820 953 918 1016 votivi
946 959 978 1020 et
1000 953 1089 1030 fiunt.
1117 961 1160 1036 ¹ut
1182 961 1287 1036 autea,

258 1059 308 1126 die
331 1058 464 1124 incerto.
521 1055 653 1121 Duobus
676 1054 730 1135 qui
763 1061 939 1135 sequuntur
972 1058 1062 1122 anuis
1096 1055 1233 1143 bilibio
1255 1065 1288 1126 et

258 1159 393 1241 eldrade
416 1159 495 1224 nihil
516 1163 667 1236 mutatur,
701 1156 845 1238 proximo
876 1165 983 1224 autem
1002 1178 1085 1224 auno
1109 1159 1288 1244 (baetica),

258 1282 328 1331 cum
360 1260 541 1347 pestilentia
569 1261 673 1342 gravis
706 1261 738 1328 in
768 1261 888 1328 Urbem
926 1281 1095 1344 agrosque
1112 1263 1287 1342 incidisset,

258 1371 294 1431 ut
317 1366 347 1432 ei
368 1365 434 1430 ludi
456 1364 488 1427 in
510 1370 700 1446 perpetuum
724 1370 916 1432 voverentur
936 1365 969 1430 iu
992 1371 1109 1432 statum
1125 1367 1221 1446 diem,
1237 1367 1289 1433 lex
1388 1430 1392 1436 .

258 1473 308 1538 est
343 1468 409 1534 lata
421 1464 445 1545 ⁴)
483 1468 522 1532 ad
560 1467 712 1552 populum
746 1486 765 1531 a
795 1467 828 1534 P.
858 1467 981 1536 Licinio
1016 1467 1104 1536 Varo
1138 1478 1288 1553 praetore
1365 1535 1369 1544 Δ
1424 1541 1437 1551 ,

257 1570 389 1637 urbano.
448 1568 514 1634 Iam
544 1570 652 1652 pergit
677 1569 788 1639 Livius
800 1568 825 1652 ⁵)
859 1572 943 1636 huuc
974 1573 1077 1654 ipsum
1107 1579 1288 1655 praetorem

256 1675 302 1738 ita
314 1674 438 1742 vovisse
453 1673 612 1754 etfacisse
628 1693 654 1737 a
678 1674 708 1739 d.
732 1673 786 1741 Ill
803 1674 924 1756 „Nou.“
943 1675 1130 1757 Quinctiles,
1153 1693 1289 1756 eumque

259 1777 343 1842 diem
366 1776 481 1844 deinde
504 1777 691 1844 sollemnem
714 1795 792 1844 esse.
807 1783 976 1861 serratum.
1212 1799 1215 1805 ·

344 1898 386 1962 At
408 1898 493 1968 bunc
515 1896 620 1962 locum
637 1897 814 1978 Liviorum,
829 1900 890 1964 etsi
912 1897 1049 1964 inlibris
1063 1899 1289 1980 manuscriptis

259 1999 348 2066 nulla
370 2004 437 2067 cst
474 1999 621 2066 lectionis
660 2000 807 2082 variatas,
852 2002 886 2066 in
919 2003 1132 2084 suspicionem
1164 2001 1292 2065 vocavit

256 2099 574 2186 Merkelirrs,⁶)quod,
590 2103 844 2170 cumsecundum
854 2105 1034 2173 calendaria
1044 2103 1290 2186 imperatoribus

259 2205 387 2276 Tiberio
411 2210 445 2273 et
468 2205 601 2272 Claudio
625 2205 804 2287 composita
824 2207 890 2272 ludi
912 2205 1026 2274 fierent
1048 2207 1122 2272 inde
1145 2225 1165 2270 a
1185 2206 1289 2288 pridie

262 2309 370 2377 Nonas
396 2309 492 2378 Iulias
514 2327 613 2390 usque
636 2309 677 2374 ad
696 2313 775 2400 ante
794 2309 880 2376 diem
903 2309 949 2374 Ill
971 2310 1046 2375 Idus
1069 2310 1207 2389 easdem,
1223 2308 1291 2374 dies

258 2412 377 2480 adiecti
405 2413 545 2496 priscum
575 2411 660 2478 diem
690 2411 876 2478 sollemnem
898 2429 962 2478 non
984 2416 1222 2491 antecederent,
1255 2416 1292 2475 ιιι

257 2515 326 2584 fieri
357 2524 442 2584 esset
472 2517 611 2595 solitum,
645 2515 702 2582 sed
732 2520 953 2595 sequerentur.
996 2515 1066 2593 Quo
1089 2515 1208 2579 factum
1232 2517 1291 2592 est,

256 2625 294 2684 ιιι
315 2619 363 2683 vir
385 2619 438 2684 ille
461 2619 574 2684 doctus
597 2637 635 2684 eo
658 2619 730 2683 loeo
754 2618 974 2699 corrigendum
996 2623 1125 2700 putaret
1147 2636 1176 2684 a.
1198 2617 1227 2683 d.
1242 2615 1288 2681 Ill

258 2717 356 2804 „ldr‘
391 2718 558 2801 Quintilee,
574 2722 763 2802 praesertim
777 2739 847 2784 eum
861 2721 1001 2804 alioquin
1017 2721 1051 2784 hi
1066 2721 1132 2784 ludi
1143 2721 1176 2784 in
1188 2721 1290 2804 popli·

257 2822 378 2906 fugium
404 2861 443 2874 --
474 2823 559 2908 quod
582 2823 804 2916 celebrabatur
826 2843 854 2890 a.
878 2825 908 2892 d.
932 2823 983 2888 111
1006 2823 1086 2890 Non.
1110 2823 1228 2905 Quint,
1252 2823 1290 2894 ef.

258 2926 391 3007 Varron.
421 2926 457 2993 L.
479 2926 516 2992 L.
541 2925 597 3008 VI,
630 2925 673 2992 18
687 2955 752 3007 ---,
786 2927 867 2993 alius
895 2927 993 3008 igitur
1022 2927 1073 2994 dei
1102 2920 1291 2994 incidissent
1392 2957 1394 2962 v

260 3065 464 3076 -.-—-.—--

331 3167 353 3234 ¹)
373 3165 401 3220 Si
414 3166 537 3219 Donatus
550 3164 585 3218 ad
597 3163 709 3219 Terentl
722 3165 854 3219 Andriam
871 3165 883 3235 i
886 3165 933 3234 IV,
944 3171 969 3233 3,
986 3167 1030 3234 ll)
1048 3163 1172 3233 Apollini
1184 3177 1288 3226 comoe-

263 3253 342 3321 diam,
360 3251 531 3320 tragoediam
549 3251 647 3306 Libero
674 3252 747 3320 patri
775 3250 893 3305 dicatam
922 3252 1006 3305 fuisse
1033 3249 1158 3319 adnotat,
1186 3249 1292 3304 videtur

259 3352 351 3392 errare
370 3337 475 3406 (Hahu,
494 3351 567 3390 scen.
585 3341 688 3402 quaest.
708 3335 797 3390 Plaut.
813 3351 842 3404 p.
863 3336 915 3408 14).
946 3401 948 3408 ¹

331 3421 622 3510 pammem

328 3543 352 3612 3)
372 3544 607 3598 Hrriusralationis
618 3540 757 3596 firmando
768 3541 890 3596 inuumie
899 3541 1064 3608 Calpurniae
1073 3541 1162 3607 gentis
1170 3539 1290 3605 (Eckliel

262 3629 295 3682 D.
312 3628 346 3684 N.
365 3629 397 3697 V,
426 3636 485 3696 158;
514 3629 594 3695 plura
613 3643 636 3680 v.
654 3626 726 3695 apud
749 3623 852 3694 idacio,
879 3626 918 3680 he
942 3635 1048 3682 monete
1074 3625 1146 3680 delle
1173 3625 1283 3681 antiche

263 3713 387 3780 iamiglie
405 3714 432 3766 di
451 3715 536 3768 Roma
565 3729 591 3780 p.
610 3721 641 3766 41
662 3725 718 3780 aeq.
742 3719 770 3766 ct
795 3713 823 3768 in
847 3712 1007 3766 Mommseni
1024 3710 1100 3764 Rom.
1117 3712 1292 3766 Mdnzweseu

261 3816 307 3868 pp.
328 3805 378 3853 580
396 3806 422 3853 et
441 3801 509 3864 624).
543 3798 614 3852 Huic
633 3800 709 3866 genti
727 3811 876 3864 cognomen
894 3805 952 3850 erat
969 3794 1148 3864 Apollinaris,
1165 3813 1190 3852 r.
1207 3797 1292 3865 Span·
1394 3851 1396 3856 ,

261 3885 335 3938 hemi
353 3883 386 3936 da
404 3897 455 3938 usu
473 3891 501 3937 et
518 3893 619 3951 praest.
640 3883 762 3937 numism.
780 3888 837 3936 ant.
855 3881 919 3935 diss.
937 3885 990 3952 rol.
1009 3881 1045 3948 ll,
1064 3887 1121 3936 132.

330 3986 357 4056 ¹)
374 3987 434 4042 Liv.
453 3985 568 4052 xxvii,
590 3991 629 4038 aa.

332 4091 357 4160 ⁵)
377 4091 434 4150 Lir.
454 4089 471 4142 l.
491 4106 512 4144 c.

245 4177 248 4182 ’
331 4188 925 4266 ommfflmmmmmumm
