3180 4870
679 304 990 420 ..;{¹,5.2¹

278 499 378 584 patris
401 506 434 567 et
455 497 665 584 Proserpinae
688 499 783 564 etiam
807 499 865 566 sub
895 495 1140 581 imperatoribus
1164 495 1308 566 homiues

277 609 333 668 aut
362 603 425 668 vivi
457 604 694 686 sepeliebantur
720 607 776 667 aut
809 603 841 666 in
876 601 977 666 undas
1007 602 1309 683 deiciebantur,¹)·a

277 705 387 771 diebus
409 705 471 772 illis
493 706 584 772 lestis
607 705 734 770 omnino
757 705 918 770 abhorret.
942 741 984 752 -

361 807 431 874 Hoc
461 814 567 874 autem
597 809 667 890 ipse
694 808 766 872 loco
788 825 916 872 monere
939 826 980 872 ne
1002 808 1305 892 praetermittamus,

274 915 311 974 ut
332 930 395 977 uon
417 916 483 976 tam
500 930 598 992 error,
615 929 709 992 quam
724 909 849 975 dicendi
868 910 1163 992 modusindiligens
1179 910 1307 976 vitetur.

277 1011 358 1078 Sunt
373 1015 467 1093 enim,
490 1014 543 1095 qui
565 1014 650 1078 iuter
672 1013 801 1078 numina
823 1011 905 1078 ludis
928 1013 1143 1079 saecularibus
1166 1013 1252 1079 culta
1275 1019 1308 1078 et

274 1115 433 1181 Tellurem
465 1121 498 1180 et
526 1115 677 1180 Cererem
698 1111 908 1198 numereut‚²)
943 1107 1061 1198 quippe
1084 1118 1136 1197 qui
1160 1117 1310 1208 Sibyllae,

275 1236 355 1299 quae
390 1219 513 1293 dicitur,
550 1215 648 1284 verba
681 1223 714 1282 et
745 1219 858 1285 Horati
889 1219 1071 1299 Zosimique
1110 1219 1193 1285 haud
1228 1221 1305 1285 satis

275 1321 477 1387 contulerint.
516 1319 636 1404 Sibylla
652 1321 735 1387 enirn
751 1322 908 1387 immolari
923 1321 1014 1387 iubet
1035 1323 1134 1404 scip,
1149 1319 1306 1388 Horatius

274 1427 401 1490 invocat
430 1424 599 1502 Tellurem,
618 1417 621 1423 ’
642 1430 678 1490 ut
709 1425 860 1491 Cererem
895 1443 1012 1490 corona
1054 1424 1151 1490 donet
1190 1427 1307 1507 spicea,

278 1524 427 1611 Δήμητρι
451 1525 661 1592 manicatum
685 1547 755 1595 esse
777 1526 911 1608 legimus
934 1528 1017 1609 apud
1042 1527 1220 1606 Zosimum3
1244 1546 1302 1610 pro

274 1629 399 1693 Tellure
441 1630 537 1710 igitur
566 1629 710 1696 Zosimus
751 1629 915 1696 substituit
947 1629 1107 1710 Cererem,
1153 1632 1304 1712 quoniam

276 1732 387 1796 harum
411 1731 540 1796 dearum
565 1733 667 1798 cultus
689 1732 773 1818 apud
796 1731 958 1798 Romanos
980 1751 1110 1815 prorsus
1141 1741 1210 1798 erat
1233 1753 1307 1799 con-

275 1830 412 1916 fusus3³l
445 1835 537 1902 nobis
566 1841 672 1900 autem
701 1841 777 1900 tunc
808 1836 935 1916 quidem
962 1836 1116 1918 temporis
1138 1834 1308 1902 discrimen

275 1936 379 2002 iacere
403 1956 466 2003 non
490 1940 574 2020 licet,
599 1945 635 2004 ut
657 1939 787 2004 dearum
811 1937 912 2004 altera
934 1938 976 2005 sit
997 1938 1146 2004 tollenda.

361 2041 538 2124 Supersunt
569 2043 667 2124 igitur
700 2061 738 2107 er
759 2040 940 2108 numinibus
968 2041 1077 2108 inieris
1104 2041 1232 2117 Parcae,
1258 2041 1310 2106 Ili-

274 2140 421 2226 tbyiae,⁴)
433 2145 549 2226 Tellus,
562 2145 675 2226 quibus
686 2149 780 2209 nocte
796 2142 915 2209 fiebant
927 2163 1028 2211 sacra.
1053 2143 1225 2222 Quaeritur
1235 2145 1309 2225 iam,

279 2245 393 2325 quibus
416 2247 562 2313 noctibus
585 2247 727 2328 singulae
749 2247 829 2312 deae
851 2247 915 2314 sint
937 2248 1051 2313 cultae.

358 2348 473 2414 Totum
496 2349 649 2416 sollemne
671 2351 768 2415 trium
799 2351 921 2415 dierum
944 2341 1141 2432 totidemque
1164 2351 1305 2416 noctium

276 2451 380 2530 spatio
414 2453 646 2518 continebatur.
702 2453 824 2532 Quibus
859 2453 927 2519 deis
963 2455 1086 2535 superis
1118 2471 1210 2518 sacra
1242 2453 1306 2518 sint

275 2550 360 2619 facta
382 2555 513 2637 singulis
536 2555 659 2639 diebus,
694 2557 838 2622 Zosimus
861 2557 917 2638 (ll,
942 2559 974 2636 o)
997 2557 1173 2621 memoriae
1194 2557 1306 2648 tradit3
1366 2555 1368 2560 ’

276 2657 436 2737 quomodo
460 2663 565 2723 autem
589 2661 668 2724 deae
690 2660 763 2724 illae
786 2659 907 2725 interae
930 2659 1060 2741 singulis
1082 2658 1230 2724 noctibus
1245 2661 1308 2725 sint

277 2760 465 2841 assignatae,
475 2761 533 2826 hac
546 2762 632 2827 dere
645 2762 792 2828 dilucidis
804 2763 908 2829 verbis
920 2762 1023 2828 nullus
1037 2768 1149 2828 auctor
1157 2763 1308 2827 certiores

277 2879 335 2926 nos
349 2861 435 2928 facit.
469 2864 587 2930 Omnes
604 2866 713 2931 eadem
727 2872 760 2930 et
776 2865 903 2948 quidem
926 2865 1030 2948 prima
1048 2871 1143 2930 nocte
1167 2865 1309 2930 celebra-

231 3055 234 3061 ι
277 2969 328 3030 tas
343 2983 412 3031 esse
434 2973 567 3048 praeter
589 2973 713 3035 ceteros
736 2975 829 3050 putat
843 2967 1065 3051 Klauseuus‚⁵)
1090 2969 1139 3032 cui
1163 2965 1310 3035 assentiri

242 3191 246 3197 .
353 3153 375 3219 ι)
394 3151 468 3206 Suet.
480 3154 551 3222 Aug.
572 3163 617 3224 573
636 3155 706 3210 Pliu.
716 3173 743 3210 n.
757 3157 785 3212 h.
800 3163 840 3226 28,
856 3165 894 3224 12,
916 3158 949 3212 cf.
961 3155 1177 3223 Marquardtlum
1190 3154 1236 3219 Vl,
1248 3161 1308 3208 351.

350 3235 372 3305 ⁵²)
390 3237 427 3292 Ut
444 3239 599 3296 Klausenus
620 3242 637 3294 l.
656 3257 680 3296 c.
699 3243 722 3310 1,
742 3249 801 3296 264.

349 3321 373 3391 ³)
392 3341 416 3380 ιι.
429 3325 545 3379 Beckeri
554 3335 581 3382 et
593 3327 762 3394 Marquardtt
773 3327 880 3384 Handb.
898 3327 944 3396 lV,
958 3335 986 3382 tt
995 3337 1015 3396 1,
1027 3328 1062 3382 cf.
1075 3327 1116 3380 ed.
1130 3342 1182 3380 ree.
1193 3326 1239 3396 Vl,
1250 3333 1308 3381 347.

307 3455 311 3462 .
349 3408 374 3478 ⁴)
397 3410 526 3465 Horatius
557 3413 584 3465 in
612 3421 709 3480 quarta
743 3429 823 3467 carm.
852 3429 924 3468 saec.
953 3413 1065 3480 stropha
1095 3428 1175 3466 unam
1204 3420 1309 3466 tantum

282 3493 420 3564 Ilithyiam
438 3495 554 3566 invocat,
573 3515 654 3565 quam
672 3507 760 3552 utrum
778 3499 891 3554 Parcam
909 3515 944 3552 an
968 3499 1098 3553 Lucinam
1125 3513 1158 3556 an
1184 3499 1309 3551 Carmen·

282 3587 346 3648 tam,
365 3580 481 3648 deniqne
494 3599 558 3636 num
570 3585 679 3638 omnino
691 3593 811 3638 veterum
830 3583 1100 3652 Indigitamentorum
1113 3581 1191 3636 deam
1204 3583 1310 3636 intelle·

283 3671 338 3732 gat,
365 3681 419 3720 non
437 3669 503 3722 satis
521 3675 627 3724 constat
654 3673 746 3738 (poeta
765 3672 823 3738 ipse
841 3669 948 3737 dubius,
968 3668 1101 3735 quemodo
1119 3669 1203 3722 latine
1225 3684 1258 3722 ea
1276 3669 1310 3721 sit

284 3751 459 3820 appellanda,
478 3769 511 3807 ne
529 3755 689 3822 religionem
700 3757 785 3810 violet
803 3769 954 3822 numenque
974 3753 1073 3824 laedat,
1097 3757 1124 3808 in
1138 3769 1191 3808 uno
1204 3754 1310 3808 nomine

284 3849 339 3888 non
366 3838 532 3909 acquiescit),
564 3839 617 3895 hoc
647 3850 737 3896 autem
755 3849 859 3896 certum
890 3849 939 3908 ost,
967 3855 1059 3895 errare
1085 3839 1301 3907 Marquardtinm

284 3923 385 3991 quippe
404 3925 450 3991 qui
469 3927 610 3981 Horatium
629 3927 729 3983 Pareae
754 3945 778 3982 ιι.
798 3935 829 3982 25
848 3935 926 3994 seqq:
951 3928 1092 3981 invocatae
1109 3924 1216 3980 easdem
1229 3897 1311 3993 atque'

285 4009 410 4078 llithyias
435 4012 607 4066 intellexisse
633 4014 781 4069 arbitretur
813 4014 845 4083 (l.
873 4029 894 4068 c.
917 4011 963 4082 Vl,
986 4013 1057 4080 377).
1108 4011 1149 4065 Ita
1172 4027 1229 4066 rem
1251 4028 1311 4067 sese

285 4097 452 4151 nectabere
478 4112 538 4152 eum
551 4100 692 4154 verborum
710 4101 863 4157 coniunctio
881 4100 1008 4168 (vosque,
1027 4114 1137 4154 veraces
1153 4099 1240 4152 cecin.
1252 4099 1304 4167 Ρ.),

286 4189 344 4235 turn
362 4183 414 4236 hoe
433 4183 607 4252 demonstrat,
626 4185 697 4253 quod
715 4193 795 4254 poeta
813 4188 922 4240 varia'a
941 4186 1022 4238 variis
1040 4189 1109 4253 petit
1127 4185 1237 4240 deabus.

356 4269 577 4339 &Latmo
