3180 4870
685 267 902 336 ,42-

282 463 430 538 tempore
454 463 633 524 ceterorum
657 459 803 522 ludorum
827 477 934 524 curam
962 460 1119 524 baberent
1148 458 1276 535 aediles,
1292 455 1315 537 ¹)

282 562 321 624 ab
355 560 445 626 initio
458 553 484 642 2)
519 580 538 624 a
571 568 720 642 praetore
754 561 888 642 urbano,
932 563 984 626 cui
1017 562 1119 626 libera
1152 562 1316 644 republica

281 669 410 746 praeter
443 664 502 729 hos
534 664 626 729 ludos
658 683 722 728 non
754 670 829 730 sunt
862 665 977 728 edendi
1011 664 1070 729 nisi
1103 663 1276 746 piscatorii,
1290 661 1314 744 3)

281 764 361 830 fiunt
389 767 422 829 in
454 767 537 831 circo
570 767 716 833 maximo.
761 766 828 842 Nec
852 767 963 834 deerat
979 767 1186 849 supplicatio,
1221 785 1315 848 quam

281 875 446 933 matronae
476 869 560 933 baud
584 868 679 932 dubie
702 868 827 934 laureas
850 855 994 934 manibus
1017 872 1164 934 tenentes
1174 865 1198 947 4)
1215 871 1314 936 susci-

280 971 421 1051 piebant,
437 989 474 1034 ac
490 969 643 1036 sollemne
659 972 778 1052 apertis
798 971 902 1036 ianuis
916 971 949 1035 in
964 971 1141 1052 propatulis
1157 971 1313 1054 epulando

282 1074 514 1151 celebrabatur,
554 1080 590 1136 ut
623 1071 693 1137 fieri
724 1073 849 1139 solebat
881 1072 914 1137 in
952 1074 1166 1140 lectisterniis.
1226 1071 1314 1156 Inter

280 1175 486 1242 festivitatem
509 1177 611 1258 ipsam
635 1175 723 1256 deus,
757 1195 851 1257 quam
882 1183 966 1242 esset
989 1177 1101 1258 opifer,
1135 1178 1313 1244 ostendisse

281 1279 414 1358 dicitur;
431 1278 551 1344 civibus
569 1279 651 1343 enim
666 1277 759 1344 ludos
774 1279 991 1359 spectantibus
1014 1276 1152 1370 adventu
1174 1281 1313 1371 hostiurn

280 1382 424 1446 nuntiato
447 1381 573 1462 longius
595 1381 635 1446 ab
658 1381 737 1445 urbe
760 1391 824 1446 non
847 1387 916 1446 erat
937 1383 1215 1462 progrediendum,
1241 1401 1312 1448 cum

281 1485 437 1550 v'omIcam
460 1484 547 1548 illam
569 1485 712 1566 gentium
736 1485 923 1565 sagittarunt
946 1485 1029 1548 nube
1060 1485 1204 1549 viderent
1226 1484 1310 1552 ultro

281 1586 404 1669 expelli.
450 1587 478 1650 A
500 1587 674 1652 victoribus
696 1586 759 1650 iarn
776 1587 816 1650 ad
832 1585 923 1652 ludos
938 1588 1144 1654 redeuntibus
1159 1590 1273 1654 mimus
1287 1585 1313 1667 5)’

281 1708 378 1756 senex
401 1687 587 1754 etiamtum
611 1690 651 1754 ad
673 1689 838 1754 tibicinem
862 1690 980 1755 saltans
995 1691 1163 1755 invenitur.
1176 1687 1200 1770 ὓ)
1246 1688 1311 1756 Sci·

280 1811 351 1858 mus
380 1793 476 1873 igitur
507 1793 539 1855 in
562 1792 716 1874 Apollinis
746 1793 898 1857 honorem
929 1793 969 1856 ab
999 1793 1089 1858 initio
1119 1794 1210 1860 ludos
1241 1811 1311 1860 esse

279 2019 367 2105 virere
377 2050 519 2120 coepisse“
531 2049 651 2104 traditur
660 2049 761 2124 (Matr.
780 2049 836 2104 Sat.
855 2049 905 2118 ΙΙΙ,
926 2049 978 2117 11).
1015 2050 1194 2116 circumlatae
1212 2065 1313 2122 anime,¹
1415 2086 1423 2097 .

279 2149 348 2202 quae
366 2137 424 2190 siue
447 2135 528 2190 dubio
547 2136 647 2190 laureis
666 2133 890 2204 dispergebantur
908 2134 956 2204 (ol.
982 2134 1060 2190 Ovidi
1084 2134 1147 2190 last.
1167 2135 1212 2206 IV,
1239 2135 1309 2204 728),

193 2295 195 2299 Ι
258 2217 574 2290 -hisludis'expiabaut
595 2221 699 2288 templa
723 2219 869 2287 domosque
893 2220 928 2290 (r.
952 2219 1115 2274 Tertulliani
1133 2221 1207 2289 bapt.
1227 2236 1249 2274 c.
1270 2221 1306 2289 ὁ).

304 2376 307 2381 .
353 2323 375 2390 ¹)
394 2323 555 2391 Marquardt
573 2325 590 2378 l.
608 2341 632 2378 c.
651 2321 698 2392 VI,
717 2327 777 2376 466.

350 2424 374 2495 ²)
393 2427 498 2481 Primus
515 2426 599 2480 edidit
617 2426 696 2482 ludos
715 2427 743 2481 P.
761 2426 904 2481 Cornelius
914 2426 991 2480 Sulla
1009 2435 1119 2490 praetor
1137 2427 1262 2494 urbanus,
1281 2443 1305 2481 v.

279 2513 339 2568 Lis.
358 2511 443 2579 XXV,
464 2518 508 2580 123
525 2511 639 2581 XXVII,
658 2519 699 2566 28.
866 2521 868 2528 “

347 2612 511 2682 8)Ι’111,ρ.
532 2622 589 2668 238.
617 2615 687 2668 Ludi
713 2617 844 2670 victoriae
862 2616 990 2670 Sullanae
1014 2631 1030 2668 a
1052 2623 1178 2683 praetore
1203 2615 1307 2668 urbano

280 2715 367 2767 nuper
386 2698 535 2771 abiudicati
551 2701 671 2768 praetori
689 2701 833 2768 peregrino
857 2691 918 2754 sunt
936 2691 1074 2768 uindicari,
1093 2700 1126 2754 ci.
1146 2699 1307 2753 Mommsani

277 2785 353 2840 Rom.
371 2783 543 2839 Mduzwesen
560 2800 588 2853 p.
608 2791 656 2839 625
675 2793 702 2839 et
720 2785 853 2854 Langium
872 2787 891 2842 l.
910 2801 931 2840 c.
950 2785 1000 2854 ΙΙΙ,
1020 2791 1077 2840 161.

347 2885 372 2958 ⁴)
393 2889 449 2942 inv.
467 2887 581 2954 xxvii,
608 2895 648 2956 11,
667 2896 713 2957 ar,
744 2885 868 2957 11111111,
887 2897 934 2957 55;
962 2888 1088 2958 XXXVI,
1109 2877 1156 2955 aa,
1187 2887 1246 2954 XL,-
1265 2893 1306 2944 ar.

279 2975 370 3029 Etiam
387 2975 416 3027 in
434 2975 510 3029 libris
523 2975 663 3043 Sibyllinis
681 2974 855 3043 inspiciendis
873 2982 1018 3042 usurpatur
1037 2976 1138 3044 laurus,
1157 2991 1181 3028 v.
1194 2973 1306 3044 Vopisc.

280 3060 422 3114 Aurelian.
443 3065 480 3115 19.
1103 3075 1110 3085 ’

348 3163 371 3230 5)
391 3163 443 3217 Hic
461 3167 555 3218 mimus
568 3163 636 3218 unus
655 3179 689 3218 ex
707 3163 851 3218 sodalitate
871 3163 1005 3222 artificum
1023 3149 1190 3218 scenicorum
1203 3162 1308 3218 ridetur

280 3248 377 3316 fuisse,
412 3264 479 3316 quos
506 3251 602 3304 Festus
624 3251 642 3304 l.
667 3265 689 3303 c.
714 3237 838 3317 appellat
856 3250 989 3316 parasitos
1013 3248 1158 3318 Apollinis,
1183 3265 1207 3302 v.
1234 3249 1306 3302 Mar·

280 3334 433 3401 quardtium
451 3334 497 3404 VI,
523 3342 581 3390 517.
610 3366 642 3375 —
670 3335 748 3404 Quod
774 3341 865 3398 autem
892 3335 921 3390 iu
949 3335 1025 3388 cultu
1048 3334 1139 3402 gravis
1166 3335 1306 3400 severique

279 3419 417 3488 Apollinis
434 3419 584 3474 invenimus
602 3423 723 3488 mimum,
742 3435 796 3480 non
814 3427 855 3474 ast
874 3435 921 3474 our
938 3421 1073 3488 miremur,
1091 3421 1218 3491 quoniam
1236 3415 1308 3486 apud

280 3505 398 3559 Graecos
425 3521 530 3572 quoque
566 3506 749 3574 hyporchema
773 3505 846 3560 hunc
878 3504 957 3560 deum
989 3505 1162 3564 exhilarabat
1193 3505 1307 3574 (Athen

279 3591 351 3658 XIV,
371 3581 457 3652 6300ss
476 3592 544 3644 Poll.
563 3591 610 3658 IV,
630 3598 669 3658 14,
691 3598 746 3660 104,
766 3591 800 3644 11.
818 3590 973 3658 Westphali
992 3590 1164 3660 adAeschyl.
1181 3590 1305 3660 prolegg.

280 3692 307 3742 p.
325 3677 379 3744 44),
407 3683 434 3730 at
452 3691 560 3746 carmen
584 3677 748 3746 Sibyllmum
765 3676 847 3744 plane
876 3675 1110 3730 commendaverat
1133 3676 1307 3742 hilaritatem,

280 3761 315 3814 ci.
333 3761 473 3830 Constant,
490 3761 533 3815 Du
554 3762 738 3830 Polythdisme
757 3761 871 3814 Romaiu
889 3760 910 3828 1,
928 3749 969 3814 44.

349 3863 372 3926 6)
394 3864 466 3918 Fert.
485 3880 513 3931 p.
532 3871 598 3932 316,
617 3865 701 3920 Matr.
715 3863 768 3918 Sat.
787 3862 809 3930 1,
830 3871 870 3930 11,
891 3869 930 3919 15.
967 3864 1086 3930 Qnormn
1103 3873 1243 3918 auctorum
1264 3862 1307 3916 irio

279 3950 373 4016 paullo
396 3959 460 4003 ante
485 3951 503 4004 l.
528 3965 551 4003 c.
583 3950 739 4017 Apollmem
767 3950 954 4018 Libystinum,
982 3949 1029 4014 qui
1055 3947 1127 4016 apud
1152 3947 1306 4015 Pachynum

280 4034 389 4089 Siciliae
416 4037 631 4102 promontorium
654 4036 800 4103 coleretur,
827 4036 862 4088 ab
880 4035 978 4090 incolis
1003 4035 1158 4088 invocatum
1184 4032 1307 4089 similiter

280 4127 355 4186 peste
382 4121 501 4176 immissa
526 4135 612 4187 paene
631 4129 740 4176 cunctos
762 4121 854 4174 bostes
877 4120 965 4174 subita
992 4126 1078 4172 morte
1109 4124 1202 4171 narrat
1225 4120 1306 4168 inter·

280 4220 390 4273 cepisse.
