3180 4870
684 318 725 344 ...-
770 297 810 363 12
855 335 904 395 ᾗ,

279 489 392 572 Apollo
409 489 492 553 enirn
505 486 709 552 Sandalarius
723 483 746 568 1)
760 491 792 550 et
803 471 917 568 Apollo
929 487 1044 552 Tortor
1055 481 1080 568 2)
1094 493 1167 553 sunt
1178 491 1307 555 statuae

279 609 379 672 oeque
395 609 431 656 ac
454 589 630 671 Caelispen,
654 589 703 654 cui
718 589 871 670 templum
891 591 1027 654 Asconio
1047 590 1189 670 ignotum
1205 589 1304 654 vindi·

280 713 352 759 care
374 687 493 758 frustra
514 692 635 758 studuit
657 691 884 772 Dembnrgius.
899 688 924 777 ³)
958 692 1006 757 De
1023 693 1069 758 eis
1084 699 1191 758 autem
1206 693 1304 774 Apol-

277 797 349 863 linis
379 797 506 877 templis
544 813 625 876 quae
657 795 888 874 posterioribus
916 795 1112 876 temporibus
1141 801 1308 862 exstructa.

175 900 177 906 ’
279 919 348 966 esse
363 900 477 964 iniuria
498 903 609 992 tenent
623 897 681 960 viri
704 897 800 976 docti,
817 897 856 964 cf.
874 897 1005 963 Jordani
1021 899 1155 980 Topogr.
1175 899 1214 980 ll,
1227 897 1306 964 422.

363 1002 474 1083 ltaque
505 1003 544 1066 de
566 1001 720 1083 Apollinis
753 1002 879 1084 templis
908 1001 1095 1084 sacellisque
1129 1002 1204 1067 licet
1241 1007 1306 1066 sta·

277 1112 367 1171 tuere
383 1107 479 1171 haec:

365 1209 396 1292 1)
419 1227 501 1273 anno
532 1212 547 1274 i
576 1209 730 1289 Apollinis
754 1209 906 1286 Quirinali
927 1209 960 1272 in
983 1207 1063 1274 colle
1087 1207 1248 1287 sacellum,

363 1311 399 1396 2)
423 1317 496 1377 ante
530 1331 558 1379 a.
590 1311 725 1396 ualuas
752 1312 906 1392 Apollinis
946 1311 1096 1377 sacellum
1128 1311 1172 1392 (in
1202 1309 1307 1392 pratsi

421 1415 519 1480 Flam.
543 1415 606 1497 ‘l‚)

363 1521 399 1602 3)
423 1539 450 1582 a
473 1514 607 1604 uallata
631 1519 726 1582 aedes
749 1524 832 1592 vot,

363 1622 400 1707 4)
424 1641 451 1687 a.
476 1617 611 1706 caeliae
636 1622 760 1686 cedes
752 1641 783 1684 ru
806 1628 879 1703 prat
879 1622 906 1686 is
866 1621 1090 1686 tFlaminiis
1113 1587 1269 1702 dedicata,

363 1721 603 1809 b)aa401l353
627 1725 785 1789 eademi
760 1731 874 1788 iterum
897 1724 1053 1804 dedicata,

365 1828 398 1912 6)
421 1833 545 1892 antea
568 1823 680 1906 723131
707 1827 817 1914 eadem
841 1845 860 1890 a
883 1827 971 1892 Sosio
996 1825 1201 1891 exaedificata
1167 1829 1275 1910 ta‘l,()

365 1930 449 2014 oa
422 1928 636 2014 Martias
625 1933 665 2010 (a
695 1931 725 1995 d.
755 1909 823 1994 Vll
854 1929 899 1994 ld
925 1930 1007 2012 Oct)
1045 1930 1139 1994 aedes
1162 1929 1263 1994 Palati
1239 1934 1307 1994 tnn

422 2035 462 2098 ab
486 2033 627 2114 Augusto
593 2033 804 2098 tdedisata.

282 2257 486 2313 excalceatur.“
510 2255 580 2322 Quia
598 2262 689 2310 autem
706 2256 810 2310 mentio
830 2254 863 2309 fit
880 2255 958 2309 aedis
977 2255 1128 2322 Palatinae,
1153 2255 1304 2308 Varronem

281 2342 349 2397 haec
363 2342 508 2409 scripsisse
520 2357 636 2396 necesse
655 2347 697 2396 est
710 2341 805 2408 paullo
823 2348 889 2396 ante
901 2348 1032 2408 mortem
1051 2342 1154 2409 itaque,
1174 2341 1304 2408 quoniam

282 2434 391 2482 saturae
418 2427 485 2480 illae
512 2427 606 2480 iuveni
635 2428 660 2481 ei
690 2427 851 2480 tribuuntur
878 2427 912 2495 (v.
941 2426 1128 2480 Ritschelium
1154 2425 1184 2478 in
1206 2426 1304 2479 Museo

280 2513 369 2568 Rhen.
382 2513 429 2580 VI,
448 2511 520 2581 554),
535 2513 605 2566 haec
617 2519 715 2579 postea
733 2511 828 2566 addita
846 2511 975 2567 videntur
993 2527 1063 2566 esse.

351 2600 373 2667 ¹)
393 2599 453 2652 Hoc
479 2597 655 2652 simulacrum
679 2599 822 2665 Augustus
840 2604 978 2652 mercatus
998 2605 1041 2652 est
1061 2613 1094 2652 ex
1116 2597 1197 2664 stipe,
1222 2611 1303 2662 quam

283 2687 360 2739 cives
379 2680 541 2752 suaspont'e
559 2684 736 2738 contulerant
754 2685 789 2752 (v.
810 2685 883 2739 Suet.
902 2685 971 2750 Aug.
990 2683 1045 2752 57).
1087 2682 1193 2736 Nomen
1219 2681 1305 2734 hebet

281 2788 298 2825 a
317 2772 378 2824 vico
398 2769 559 2824 Sandaliario
574 2769 688 2836 (Jordan
707 2771 724 2824 l.
745 2786 767 2824 c.
786 2769 876 2838 1,,515
894 2787 920 2822 n.
938 2768 993 2836 42),
1013 2770 1060 2836 qui
1073 2774 1132 2822 erat
1150 2768 1180 2820 in
1192 2768 1304 2835 regione

281 2855 328 2910 IV.
348 2857 386 2925 (v.
407 2855 551 2909 Curiosum
569 2855 653 2908 Urbis
671 2857 700 2908 in
719 2854 828 2908 Urlichi
848 2853 944 2909 codice
961 2855 1037 2908 Rom.
1057 2861 1162 2921 topogr.
1180 2869 1205 2921 p.
1224 2853 1262 2921 6).

350 2939 373 3010 ῘΙ)
392 2941 425 2994 cf.
444 2940 559 2994 Hermes
578 2939 624 3006 lv,
643 2940 701 2993 232.
884 2984 887 2992 .

351 3025 374 3095 3)
393 3027 446 3080 Die
465 3026 663 3080 institutionem
683 3025 731 3080 (les
751 3025 836 3080 Gaius
856 3025 951 3094 (Helle
971 3025 1050 3094 1869)
1068 3041 1095 3092 p.
1115 3023 1157 3077 22.
1171 3023 1306 3077 Irridetur

224 3126 230 3136 ·
265 3130 298 3186 a
315 3111 438 3167 iordane
457 3113 474 3166 l.
495 3127 518 3164 c.
531 3110 565 3178 ll,
583 3110 641 3164 266.
660 3111 714 3166 Est
733 3119 826 3166 statua
844 3113 873 3170 in
891 3113 1004 3179 regione
1016 3111 1063 3164 Xl.
1082 3109 1233 3164 secundum
1252 3109 1303 3162 Ou-

167 3184 177 3196 '
281 3197 542 3265 marmoroso.
563 3197 716 3253 erucarum
734 3197 751 3250 1v
772 3213 794 3250 ο.
814 3213 838 3264 p.
860 3197 912 3265 ro).
