3180 4870
663 275 872 344 -33-

250 456 284 514 et
306 455 430 526 ueteres
445 447 467 529 ¹)
492 454 706 530 cognoverant
729 454 762 514 et
777 448 974 532 recentiores
989 448 1048 532 uiri
1063 449 1150 516 docti
1164 447 1280 514 iterum

252 557 348 634 atque
379 552 497 622 ,iterum
527 549 746 632 ostenderunt,
758 544 783 630 2)
828 569 900 618 eum
933 551 975 632 de
1009 557 1123 618 nature
1152 552 1280 618 Veiovis

249 655 302 718 vix
332 653 503 736 quidquam
533 653 614 722 certi
654 653 800 729 sciamus.
860 653 943 721 Solis
966 653 1070 736 igitur
1097 655 1160 734 vis,
1198 673 1279 736 quae
1332 706 1338 714 .

249 755 390 840 Apollini
412 757 481 826 siue
503 756 600 824 dubio
623 762 693 820 erat
711 756 906 841 principalis,
920 752 946 839 ³)
962 755 1082 826 viribus
1097 755 1280 822 derivativis
1365 751 1371 758 “

249 861 420 928 obscurata
432 859 566 936 uidetur
588 859 734 939 iacuisse,
761 859 873 938 donee,
900 864 935 924 ut
956 859 1036 924 baec
1056 859 1089 924 iu
1104 857 1158 924 illo
1174 858 1277 932 denuo

247 972 427 1048 appareret,
458 963 595 1036 maxime
617 962 690 1025 novi
711 961 785 1030 libri
808 961 952 1044 Sibyllini
974 968 1007 1026 et
1029 961 1209 1034 Stoicorum
1232 963 1278 1027 di-

246 1067 381 1152 sciplina
403 1066 574 1142 efficerent.

332 1170 549 1250 iterantem,
595 1185 657 1250 quo
691 1168 884 1252 praecipuae
917 1169 1001 1236 vires
1032 1167 1168 1234 fortasse
1202 1173 1277 1234 suut

245 1291 443 1358 progressae,
467 1279 516 1338 est
537 1271 616 1348 boc:
808 1372 829 1438 S
852 1373 863 1438 l

832 1392 849 1438 o

765 1577 914 1654 fatidicus

392 2129 515 2213 pacifer

330 2251 562 2334 Imperatorum
584 2248 781 2330 temporibus
795 2245 951 2329 Apollinis
966 2253 1113 2312 naturam
1125 2248 1207 2316 Solis
1219 2249 1271 2313 dei

243 2356 453 2437 propinquam
473 2370 542 2417 esse
559 2348 700 2434 habitam
716 2351 777 2416 hac
800 2369 835 2414 re
859 2351 1028 2431 indicatur,
1044 2352 1129 2432 quod
1143 2349 1271 2433 fastigio

244 2457 356 2539 templi
379 2454 538 2537 Apollinis
561 2453 707 2534 Palatini,
743 2455 776 2519 in
811 2473 873 2535 quo
907 2456 1069 2520 numinum
1102 2455 1176 2519 huie
1211 2454 1270 2518 deo

242 2561 491 2642 propinquorum
515 2562 637 2622 statuas
659 2558 780 2638 positas
802 2556 899 2623 fuisse
921 2577 1018 2639 supra
1039 2557 1186 2638 vidimus,
1215 2555 1273 2622 Sol

241 2663 273 2726 in
305 2661 459 2743 quadriga
488 2665 576 2725 stans
607 2664 676 2724 erat
710 2677 888 2741 expressus.
899 2657 926 2739 ⁴)
976 2658 1100 2742 'Neque
1130 2662 1192 2726 hoo
1221 2665 1271 2727 est

311 2848 334 2916 ¹)
352 2849 438 2904 Mser.
452 2848 500 2902 Sat
515 2847 539 2915 1,
557 2851 582 2915 9,
595 2854 624 2900 8:
637 2846 784 2914 „Nigidius
797 2847 983 2914 pronuntiarit
1000 2847 1157 2914 Apollinem
1175 2847 1269 2902 lanum

242 2948 301 2988 esse
310 2934 479 3002 Dianamque
494 2932 719 3000 lauamelanum
737 2932 846 3000 quidam
860 2933 945 2987 solem
958 2932 1136 2986 demonstrari
1148 2933 1268 3002 volunt,“

244 3018 279 3070 ef.
296 3019 358 3072 ibid.
377 3019 457 3088 1,,17,
477 3027 517 3090 42,
537 3026 584 3088 64;
602 3019 678 3075 Ioan.
698 3019 767 3088 Lyd.
787 3019 820 3071 de
838 3033 922 3074 meus.
941 3017 988 3085 IV,
1007 3025 1036 3086 Ι,
1058 3018 1160 3074 Placid.
1180 3019 1269 3073 Gloss.

243 3119 269 3178 p.
289 3111 320 3155 54
338 3103 521 3174 (Deuerling):
556 3103 645 3174 „huno
669 3105 746 3172 (scih
765 3105 872 3174 Ianum)
897 3103 1005 3170 quidam
1028 3103 1128 3172 Iovem,
1160 3105 1268 3170 quidam

241 3187 329 3240 Solem
346 3203 403 3242 esse
417 3189 619 3259 erediderunt;“
633 3191 734 3245 Arnob.
747 3187 795 3259 111,
810 3195 855 3242 29:
885 3189 997 3258 „lanum
1010 3188 1119 3256 quidam
1131 3189 1268 3257 mundum,

237 3261 338 3326 annum
357 3275 404 3328 olii
422 3277 542 3330 solemne
561 3291 619 3329 ease
637 3275 781 3343 prodidere
799 3275 958 3344 nonnulli;“
970 3273 1002 3329 oi.
1022 3275 1103 3330 etiam
1121 3275 1267 3330 Montelal·

236 3361 342 3411 contum
360 3360 379 3412 l.
398 3375 422 3413 e.
441 3361 462 3429 Ι,
484 3367 525 3415 26.
889 3367 892 3376 ‘

304 3441 327 3511 ²)
347 3445 518 3514 submagna,
548 3447 625 3514 Rdm.
654 3447 751 3502 Gesoh.
783 3448 805 3514 1,
833 3454 881 3500 218
908 3463 935 3501 n.
965 3454 992 3512 2,
1021 3447 1068 3502 ubi
1093 3447 1187 3518 addas,
1212 3451 1267 3520 iarn

236 3525 398 3582 Oreuzerum
417 3531 570 3599 (symbolik
584 3533 617 3600 11,
637 3535 700 3601 882)
714 3532 871 3600 Apollinem
893 3536 1019 3600 θυραῖον
1041 3548 1101 3586 oum
1118 3534 1185 3598 Iano
1204 3551 1266 3602 pou·

234 3611 339 3666 tulisse.
367 3613 471 3669 Solstiti
484 3618 632 3685 symbolum
645 3619 728 3671 fuisse
741 3619 829 3670 ianam
840 3618 953 3686 legimus
964 3617 992 3671 in
1005 3617 1095 3673 Norki
1103 3619 1265 3688 myntol-

234 3695 346 3762 symbol.
367 3727 399 3735 -
418 3701 501 3767 ruyth.
520 3703 762 3758 Realworterbuoh
781 3719 801 3756 s.
820 3719 843 3757 v.
862 3707 972 3772 Aperta.

302 3779 326 3848 3)
348 3781 544 3851 Hahussugw.
557 3788 631 3844 stud.
650 3805 677 3856 p.
690 3796 749 3854 482.

301 3864 326 3932 ⁴)
344 3866 425 3935 Prop.
445 3868 494 3938 ΙΙΙ,
518 3877 559 3937 29,
579 3878 592 3923 9
611 3889 698 3940 seqq:

370 3953 457 4020 „Tum
477 3956 594 4010 medium
612 3957 686 4012 claro
706 3961 834 4028 surgebat
852 3975 984 4014 marmore
1002 3962 1131 4028 templum

440 4041 477 4093 Et
494 4045 583 4108 patria
602 4042 712 4096 Phoebo
731 4047 819 4100 carius
838 4046 959 4116 Ortygia,

369 4123 400 4175 In
420 4140 473 4191 quo
492 4127 562 4181 Solis
581 4135 640 4181 erat
657 4143 739 4196 supra
758 4131 868 4200 fastigia
886 4148 980 4187 currus
1000 4175 1006 4186 .
1026 4175 1032 4188 .
1052 4137 1088 4201 .;“

229 4205 262 4258 cl.
283 4207 439 4264 Kuehnium
458 4213 475 4265 l.
494 4229 516 4266 o.
535 4230 563 4281 p.
583 4223 625 4269 «ΙΙ.

1052 4305 1068 4356 3
1121 4269 1123 4274 .
