3180 4870
690 277 900 344 „15-

280 449 374 516 deum
405 448 615 530 immigrasse3
651 467 722 512 narn
750 449 863 529 quibus
891 449 1060 514 decausis
1087 447 1301 534 ΚΙεηεοηυε)

279 571 318 617 ea
345 551 378 615 in
400 549 520 616 Urbem
547 569 610 615 non
633 551 796 633 irrepsisse
820 550 991 616 arbitretur
1020 551 1080 616 nisi
1102 571 1159 634 per
1182 551 1301 618 cultum

277 653 442 736 Apollinis,
476 653 621 734 equidem
649 671 713 717 non
742 653 859 719 video:
902 652 966 720 Sub
994 653 1163 735 Tarquinio
1195 662 1301 722 autem
1335 741 1337 748 y

279 755 423 839 Superbo
446 757 539 821 deum
569 757 602 820 in
624 755 709 821 Urbe
731 756 794 821 coli
817 769 886 822 esse
909 760 1057 838 coeptum
1079 757 1221 841 plerique
1243 760 1303 824 riri

279 859 365 924 docti
396 860 480 923 inter
511 875 582 924 sese
616 853 865 942 consentiunt,²)
904 877 974 925 cum
996 858 1104 925 Ihnius
1138 861 1231 925 etiam
1263 881 1301 930 eo

278 966 433 1046 tempora,
457 980 518 1042 quo
541 961 601 1026 Vei
623 981 642 1024 a
663 962 813 1028 Romanis
836 969 1100 1046 expugnarentur,
1124 963 1302 1046 Apollinem

278 1065 328 1132 his
357 1065 499 1146 ignotum
528 1063 625 1130 fuisse
656 1066 748 1130 deum
778 1067 871 1132 nimis
901 1068 1053 1133 audacter
1081 1067 1302 1150 pronuntiasse

277 1167 431 1233 videatur.
486 1167 552 1233 Nos
581 1167 717 1249 quidem,
760 1188 830 1234 cum
869 1169 1009 1235 Nitzschi
1023 1168 1050 1254 3)
1093 1170 1303 1236 assentiamur

277 1271 466 1352 sententiae,
482 1272 535 1351 qui
557 1276 650 1352 putat
673 1272 778 1335 omnia
798 1273 830 1336 in
853 1271 946 1338 ltalia
963 1273 1157 1340 Graecorum
1172 1273 1303 1337 numina

277 1374 684 1456 maximepotissimumquc
697 1382 830 1459 excepta
842 1393 911 1441 esse
924 1375 1057 1457 aplebe,
1066 1395 1129 1441 non
1140 1377 1300 1455 miramur,

277 1478 360 1559 quod
393 1479 477 1542 inter
508 1477 586 1542 illud
618 1482 754 1560 tempus,
792 1498 854 1561 quo
892 1479 983 1543 deum
1012 1479 1144 1544 Romam
1178 1479 1302 1544 venisse

276 1581 468 1646 arbitramur
490 1586 522 1646 ct
544 1600 606 1662 qno
621 1582 725 1663 prima
740 1583 808 1647 cius
823 1581 926 1648 cultus
941 1582 1143 1646 inveniuntur
1157 1582 1300 1663 vestigia,

277 1685 350 1748 anni
373 1683 606 1766 praeterierunt
629 1685 817 1766 complures.
842 1723 879 1732 -

364 1779 530 1864 Quomodo
553 1787 604 1852 hic
627 1788 731 1852 cultus
753 1788 794 1852 ad
816 1786 1037 1853 stabiliendam
1053 1789 1135 1852 inter
1149 1789 1300 1870 patricios

277 1873 310 1954 et
330 1889 472 1970 plebeios
495 1891 697 1957 concordiam
720 1891 865 1972 valuerit,
887 1887 1006 1972 inlra4)
1029 1889 1215 1971 videbimus,
1238 1891 1299 1957 hoe

277 1996 384 2056 autem
405 1990 475 2057 loco
499 2011 747 2058 commemorare
769 1993 854 2058 haud
885 1994 1022 2059 alienum
1044 1993 1137 2074 duco,
1170 1994 1298 2074 antiquo

276 2095 415 2159 ternario
461 2096 590 2162 deorum
635 2097 840 2178 patriciorum
884 2115 1015 2162 numero
1058 2095 1148 2177 (Iovi,
1193 2095 1299 2177 Marti,

278 2196 423 2280 Quirino)
445 2216 508 2263 non
530 2199 666 2281 primum
684 2201 864 2281 oppositum
880 2218 949 2266 esse
965 2197 1144 2282 Apollinem
1161 2201 1299 2280 deasque

277 2300 307 2366 ei
318 2301 521 2384 propinquas,
533 2301 589 2366 sed
599 2300 849 2382 Capitolinorum
862 2303 1024 2367 numinum
1040 2303 1147 2388 (Iovis,
1159 2303 1297 2383 Iunonia,

278 2403 455 2488 Minervae]
486 2404 583 2482 cultu,
616 2411 652 2469 ut
680 2404 806 2486 patricii
836 2424 907 2471 cum
930 2404 1051 2487 plebeis
1073 2407 1297 2487 coalescerent,

277 2525 406 2589 operam
430 2507 554 2572 dedisse
577 2507 771 2588 Tarquinios.
786 2505 811 2589 5)

346 2711 368 2779 ¹)
387 2710 403 2763 l.
423 2727 446 2764 c.
466 2711 487 2780 l,
505 2711 555 2766 258
574 2712 643 2765 dicit
659 2711 742 2766 haec:
770 2713 845 2779 „Der
859 2712 961 2768 Dienst
984 2713 1032 2767 des
1050 2713 1150 2781 Apollo
1168 2715 1206 2770 ist
1225 2714 1297 2768 wohl

275 2795 356 2850 nieht
373 2796 497 2864 inFolge
516 2795 565 2851 der
582 2797 706 2866 sibyllin.
724 2796 834 2852 Bucher
850 2798 1014 2867 eingefuhrt,
1035 2798 1153 2854 sonderu
1172 2799 1248 2874 diosc
1267 2801 1296 2853 in

277 2881 363 2950 Folge
381 2898 434 2936 von
448 2882 550 2950 jenem,
570 2883 666 2938 beiden
684 2882 770 2937 durch
788 2883 833 2939 die
851 2885 1042 2952 Tarquinier.“

343 2965 368 3035 2)
385 2967 418 3021 In
437 2970 478 3024 eis
497 2975 540 3023 est
559 2971 643 3024 etiam
661 2970 866 3038 Marquardtius
885 2973 902 3025 l.
922 2986 944 3024 c.
962 2970 1009 3040 Vl,
1027 2971 1086 3025 345.
1162 2989 1165 2998 ·

343 3051 367 3121 ³)
385 3069 410 3106 v.
427 3054 584 3108 Zoellerum
602 3055 620 3109 l.
638 3070 662 3109 e.
681 3055 714 3109 19
732 3063 760 3110 et
777 3057 818 3110 91.

343 3137 411 3206 4lv.
430 3155 456 3206 p.
475 3139 584 3207 seseq.

345 3224 369 3292 ⁵)
388 3225 493 3293 Lange,
511 3225 589 3280 Rom.
608 3226 729 3281 Alterth.
748 3227 782 3296 1³,
801 3227 860 3282 449.
