3180 4870
704 263 896 380 ..94

293 489 403 554 aedem
441 487 590 554 Salutis“.
655 485 755 563 Quam
784 487 997 552 coniecturam
1032 482 1315 564 cum-Jordano1)

292 592 451 672 egregiam
472 589 717 671 facillimamque
736 589 831 656 duco.
874 590 995 657 Aedem
1019 607 1094 654 vero
1118 587 1214 658 fuisse
1236 588 1314 654 illud

289 693 472 775 Apollinar,
503 692 656 759 Muellero
679 711 774 758 nemo
806 692 933 775 quidem
964 692 1136 772 concedat,
1168 691 1224 757 sed
1244 692 1324 757 lor--

293 797 418 878 danum,
435 797 513 862 alios
528 801 689 877 sequatur,
713 796 766 878 qui
781 813 839 878 pro
854 796 972 886 sacello
987 795 1021 860 id
1035 795 1183 872 habeant.
1223 793 1315 871 Quod

292 901 460 982 quominus
480 900 543 964 iarn
559 915 669 980 regum
684 904 919 980 postremorum
941 898 1138 980 temporibus
1151 887 1198 962 ibi
1219 895 1316 963 luisse

293 1008 479 1083 statuamus,
502 1001 580 1066 nihil
602 1007 662 1082 est,
686 1002 771 1082 quod
793 1002 954 1084 impediat.

383 1105 580 1186 Quamquam
613 1105 646 1168 id
678 1123 741 1168 non
774 1105 955 1185 presserim,
994 1105 1055 1170 hoo
1089 1109 1175 1170 certe
1208 1103 1317 1184 negari

297 1228 358 1276 non
380 1215 496 1291 potest,
520 1226 589 1274 esse
613 1207 745 1288 vestigia
768 1207 864 1288 prisci
887 1207 1041 1290 Apollinis
1064 1207 1177 1286 cultus,
1199 1212 1319 1272 utnon

296 1311 409 1375 mirum
433 1311 483 1388 sit,
506 1309 591 1393 quod
612 1305 806 1389 Jordanusb
829 1310 912 1375 inter
934 1310 996 1375 alia
1009 1310 1130 1390 templa
1149 1309 1227 1374 illud
1243 1310 1319 1390 quo·

296 1431 357 1494 que
373 1413 512 1495 Apollini
535 1432 563 1478 a.
580 1411 716 1498 aeolias
740 1413 919 1478 dedicatum
944 1418 1107 1478 enumerat
1122 1410 1208 1476 nulla
1223 1411 1320 1476 inter·

296 1517 403 1598 posita
436 1515 642 1583 dubitatione.
706 1515 809 1593 Quem
840 1534 911 1580 oum
945 1515 1160 1598 Msrquardtio
1175 1511 1200 1596 ³)
1237 1514 1320 1578 haud

194 1613 197 1622 ’
297 1625 485 1684 cunctanter
507 1619 653 1701 equidem
684 1637 816 1700 sequ0r;
851 1619 969 1693 etenim
1000 1620 1038 1699 si,
1068 1624 1236 1698 antequam
1267 1635 1320 1680 ex·
1373 1673 1378 1689 χ

206 1801 208 1806 ,
297 1728 474 1788 strueretur
505 1722 583 1785 illud
623 1723 796 1804 templum,
834 1722 873 1786 de
911 1741 972 1803 quo
1014 1721 1192 1800 dubitatur,
1225 1719 1321 1786 inisse
1397 1725 1401 1734 ’

296 1825 447 1891 sacellum
465 1825 607 1890 eiusdem
630 1825 681 1890 dei
697 1824 899 1890 statuendum
916 1831 974 1905 est,
998 1843 1036 1890 ea
1051 1843 1131 1906 quae
1148 1842 1166 1887 a
1183 1822 1318 1888 Glasono

249 1945 253 1951 ·
297 1927 452 2008 lhniuque
476 1933 681 1993 contraeunt
704 1928 799 2008 dicta,
822 1946 881 2010 per
903 1947 937 1993 se
961 1927 1139 1993 concidunt.

381 2029 448 2094 Iam
474 2031 515 2095 ed
541 2031 637 2096 alium
664 2007 767 2096 locum
792 2032 956 2096 Liuianum
973 2031 1067 2096 liceat
1092 2030 1237 2105 transire,
1269 2028 1322 2092 ubi
1331 2022 1536 2140 {fffflffi

296 2133 454 2200 nonnullis
468 2134 543 2200 viris
576 2134 678 2200 dootis
711 2135 751 2199 de
784 2135 846 2199 alio
876 2135 1030 2217 Apollinis
1062 2134 1182 2216 templo
1216 2150 1321 2200 sermo
1362 2162 1506 2210 eampum

296 2238 522 2302 videturesse.
567 2237 603 2302 L.
627 2237 693 2310 XL,
717 2256 744 2302 o.
767 2239 805 2304 bl
832 2242 957 2302 exstant
982 2238 1076 2303 haec:
1109 2237 1173 2318 ‚,M.
1196 2236 1324 2301 Fulvius
1393 2229 1476 2280 ΨΜ

296 2341 387 2422 plura
399 2345 431 2404 et
442 2340 570 2404 maioris
580 2339 696 2406 locavit
707 2358 782 2406 usus
852 2345 885 2404 et
895 2339 997 2405 iorum
1015 2346 1047 2405 et
1062 2339 1218 2420 porticum
1235 2344 1325 2404 entra

296 2449 422 2526 portam
437 2443 659 2524 Trigeminam,
690 2449 724 2508 et
745 2444 839 2508 eiiam
861 2449 936 2526 post
957 2445 1082 2508 navalia
1104 2448 1136 2508 et
1158 2443 1198 2507 ad
1220 2441 1323 2507 iorum
1393 2441 1396 2447 ⁴

297 2547 444 2612 Herculis
460 2553 492 2610 et
506 2551 579 2627 post
591 2545 665 2628 Spei
680 2547 720 2610 ed
732 2546 870 2612 Tiberim
885 2548 996 2612 aedem
1010 2546 1163 2628 Apollinis
1178 2545 1322 2610 medici.“

298 2649 419 2727 Quibus
440 2649 545 2714 verbis
568 2646 668 2714 fretus
692 2647 960 2730 schoenemann
994 2659 1029 2714 ut
1058 2650 1098 2713 de
1121 2651 1323 2726 metaneam,
1438 2691 1440 2694 -

296 2753 349 2835 qui
380 2758 452 2816 ante
483 2770 554 2816 eum
576 2753 609 2816 in
632 2753 743 2818 eadem
765 2771 800 2817 re
822 2760 1045 2835 peceaverunt,
1076 2771 1169 2830 anno,
1200 2750 1239 2816 de
1262 2768 1323 2831 quo

296 2857 409 2937 agitur,
439 2853 574 2938 anellis
605 2856 740 2920 alterum
768 2857 904 2938 Apollini
933 2856 1088 2938 templum
1124 2853 1324 2920 aedificatum

299 2977 367 3024 esse
384 2957 558 3038 constituit,
574 2977 764 3039 quamquam
779 2959 842 3023 iam
858 2966 951 3024 antea
967 2957 1003 3024 O.
1020 2958 1070 3024 Fr.
1087 2958 1287 3024 Hermannus
1300 2957 1323 3041 5)

298 3061 402 3127 locum
425 3067 608 3144 corruptum
632 3080 700 3127 esse
716 3067 803 3126 rente
819 3059 1040 3126 affirmaverat.
1086 3061 1148 3126 Sed
1164 3061 1324 3144 audacius

299 3171 335 3228 ut
342 3165 463 3247 opinor,
473 3165 599 3229 omnino
608 3165 694 3228 delet
701 3183 795 3230 voces
806 3165 980 3246 „Apollinis
994 3164 1139 3229 medici.“
1160 3163 1324 3247 Beckeri⁶)

299 3274 406 3332 autem
441 3268 622 3334 coniectura
652 3271 759 3349 (‚‚post
783 3268 857 3349 Spei
892 3268 1036 3332 aTiberi
1065 3268 1104 3331 nd
1133 3268 1244 3332 aedem
1268 3271 1325 3350 Ap.

300 3371 428 3449 med.“),
445 3364 701 3451 quoniam'diotio
715 3371 823 3435 durior
838 3376 896 3450 est,
909 3373 1011 3436 minus
1023 3371 1100 3434 mihi
1114 3371 1219 3452 placet
1231 3389 1324 3452 quam

299 3470 484 3555 Prelleri‚⁷)
516 3475 569 3554 qui
597 3475 764 3557 proposuit
795 3474 1026 3540 emendandum
1053 3481 1147 3555 „post
1179 3473 1254 3555 Spei
1285 3475 1324 3538 nd

372 3662 393 3728 ¹)
411 3661 489 3715 Riim.
511 3661 625 3729 Topogr.
651 3662 669 3714 l.
689 3678 721 3730 e,
753 3662 799 3715 nbi
828 3662 910 3716 aliem
938 3663 1124 3716 coniecturam
1147 3662 1237 3715 minus
1265 3679 1326 3730 pru·

302 3745 424 3799 habilem
442 3747 535 3813 legere
554 3753 643 3813 potes.

371 3828 395 3898 2)
414 3831 432 3884 1.
452 3847 474 3884 o.
495 3832 513 3898 l,
533 3831 573 3884 24.

383 3917 395 3985 )
412 3916 519 3971 Handb.
538 3917 583 3985 Vl,
600 3917 660 3972 345.

386 4003 396 4068 )
414 4003 530 4070 Mythol.
550 4001 598 4057 der
615 4003 716 4058 Rimer
733 4021 758 4071 p.
779 4004 836 4058 104.

385 4089 433 4158 )l.
453 4105 476 4141 o.
495 4105 520 4156 p.
540 4089 573 4142 10
592 4103 640 4156 seq

371 4173 396 4241 6)
414 4175 529 4242 Topogr.
549 4174 631 4228 Roma
650 4191 676 4242 p.
694 4175 734 4228 96.
771 4169 773 4173 ’

354 4309 364 4322 ,
414 4259 467 4313 Die
482 4261 624 4328 Regionen
640 4261 665 4315 d.
677 4260 756 4314 Stadt
769 4261 838 4314 Rom
856 4277 881 4327 p.
897 4259 948 4312 242
959 4267 987 4314 et
1001 4259 1078 4314 Rom.
1089 4259 1204 4326 Mythol.
1214 4275 1240 4326 p.
1249 4259 1307 4312 269,
1401 4319 1405 4324 ,

371 3915 383 3952 3

373 4000 384 4031 A

372 4089 384 4125 5
