3180 4870
700 275 916 342 ..43-

297 445 454 510 Postridie
477 431 546 510 iens
568 446 608 509 ad
623 445 758 513 Brutum
781 447 814 510 in
829 446 980 514 Nesidem
1002 446 1082 512 haec
1098 446 1220 528 scripsi.
1266 446 1329 511 Sed

298 566 335 612 eo
360 548 422 627 die,
440 567 501 630 quo
525 566 674 612 veneram
697 549 824 612 cenanti
838 549 922 614 Eros
945 556 1017 614 tuas
1039 548 1171 616 litteras.
1216 547 1330 614 Itane?

296 652 398 718 Nonis
425 651 534 718 Iuliis?
566 651 607 713 Di
636 650 766 715 hercule
795 652 882 718 istisl
917 652 980 718 Sed
1010 651 1203 717 stomachari
1226 658 1329 716 totum

297 756 381 822 diem
411 755 496 822 licet.
535 753 767 834 ¹Quidquamne
794 755 918 836 turpius
949 773 1044 836 quam
1067 755 1166 820 Bruto
1194 755 1327 828 luliisi‘f

298 858 419 936 Quibus
434 857 539 922 verbis
554 853 691 922 confisus
702 855 847 923 Halmius
862 855 886 940 ¹)
902 857 993 924 ludos
1004 875 1032 921 a.
1045 853 1160 940 ututur
1171 857 1329 938 incepisse

296 961 397 1028 Nouis
420 960 613 1038 Quintilibus
635 961 777 1036 breviter
799 959 973 1026 adnotavit.
1017 958 1231 1038 Quadriennio
1246 966 1329 1041 ¹[rost

297 1064 430 1138 eandem
443 1064 634 1129 sententiam
646 1064 840 1144 argumentis
853 1061 1041 1129 confirmare
1053 1063 1176 1128 studuit
1187 1063 1329 1144 Zumpti·

296 1185 334 1233 ns
365 1166 400 1248 (l.
422 1185 449 1232 c.
472 1185 503 1246 p.
527 1167 570 1245 7).
625 1165 730 1248 „Quid
759 1165 873 1244 igitur,
908 1165 1020 1246 inquit,
1044 1161 1151 1230 'fuisse
1180 1171 1329 1246 putamus

296 1269 329 1334 in
359 1269 470 1334 tabula
500 1268 563 1349 illa,
597 1269 630 1332 in
660 1287 722 1350 qna
752 1267 818 1333 ludi
840 1287 859 1330 a
881 1267 972 1332 Bruti
1002 1267 1111 1332 amicis
1134 1267 1222 1351 (sici)
1255 1287 1327 1350 pro-

297 1371 540 1438 scriberentur?
573 1371 730 1440 Nimirum
752 1371 857 1450 ipsum
878 1369 964 1450 quod
981 1368 1094 1435 Cicero
1115 1370 1215 1436 habet
1229 1371 1329 1442 Nouis

297 1473 395 1538 Iuliis.
452 1472 537 1558 Nam,
567 1492 637 1537 cum
668 1473 720 1536 hic
749 1471 907 1544 ablativus
941 1476 1030 1536 extra
1060 1472 1328 1544 constructionem

298 1576 451 1657 reliquam
474 1575 663 1656 positussit
686 1594 723 1640 ac
746 1594 805 1657 per
826 1567 861 1642 se
884 1580 1019 1655 constet,
1054 1594 1126 1640 oum
1149 1594 1188 1639 ex
1209 1575 1328 1654 tabula,

298 1697 380 1760 quae
402 1678 523 1744 Romae
545 1679 712 1762 proposita
733 1685 814 1757 erat,
838 1683 999 1760 sumptum
1023 1697 1091 1745 esse
1114 1697 1246 1745 necesse
1269 1684 1328 1744 ast.

297 1781 335 1846 ln
365 1800 427 1862 qna
456 1781 566 1846 tabula
595 1782 622 1847 si
651 1782 702 1849 vel
732 1781 784 1846 111
805 1782 914 1848 Nonas
945 1781 1004 1848 Inl.
1035 1781 1085 1844 vel
1114 1781 1218 1862 pridie
1245 1780 1327 1845 Non.

298 1883 357 1950 lul.
378 1881 498 1961 luisset,
516 1883 629 1951 Cicero
650 1885 683 1949 id
706 1904 769 1950 non
793 1886 897 1952 minus
918 1886 1120 1950 immutatum
1144 1884 1327 1966 recepisset.

298 1985 409 2067 Neque
443 1991 517 2052 ante
551 2005 624 2052 aum
658 1987 742 2052 diem
775 1988 867 2057 ludos
889 1988 1090 2069 Apollinares
1123 1985 1226 2052 iactos
1260 2003 1329 2057 esse

298 2089 454 2169 audimus,
467 2090 521 2169 qui
535 2089 562 2156 si
574 2088 650 2154 lacti
663 2095 781 2170 essent,
791 2090 824 2156 in
836 2096 927 2156 tanta
941 2092 1148 2174 epistolarum
1166 2088 1330 2162 Ciceronis

298 2191 477 2272 frequentia
506 2191 598 2258 nobis
629 2192 842 2279 traderetur.“
890 2192 996 2269 Quid?
1029 2193 1079 2260 De
1110 2193 1213 2266 rebus,
1248 2209 1328 2272 quae

298 2292 377 2357 nibil
404 2293 446 2357 ad
477 2312 549 2358 eum
572 2293 739 2374 attineant,
775 2296 928 2360 certiores
951 2314 1010 2361 nos
1031 2294 1148 2376 facere,
1182 2313 1257 2360 num
1279 2298 1329 2361 est

298 2396 548 2478 epistolographi
581 2398 613 2461 in
647 2396 816 2463 scribendo
849 2398 1001 2478 impigri?
1035 2398 1135 2479 Atqui
1166 2397 1329 2472 Ciceronis

298 2517 361 2562 non
384 2499 548 2576 intererat,
571 2517 648 2566 num
669 2499 702 2564 in
725 2499 808 2565 hunc
831 2499 882 2564 vel
904 2501 936 2564 in
958 2501 1047 2586 illum
1071 2501 1165 2582 diem,
1188 2499 1245 2566 sad
1267 2517 1330 2580 qua

295 2601 419 2666 ratione
445 2601 511 2668 ludi
542 2611 649 2669 essent
670 2603 860 2685 proscripti;
894 2603 1037 2684 offendit,
1071 2603 1155 2686 quod
1179 2601 1329 2681 Quintilis

295 2705 413 2770 mensis
435 2706 468 2770 in
490 2705 723 2787 proscriptione
746 2711 816 2769 erat
838 2707 1017 2788 appellatus
1043 2707 1153 2786 lulius,
1186 2725 1223 2772 ao
1251 2705 1351 2773 mibi

295 2807 422 2888 quidem
455 2825 644 2888 persuasum
675 2812 733 2888 est,
766 2805 954 2873 Ciceronem
977 2809 1009 2873 in
1031 2809 1200 2890 brevitate,
1233 2825 1327 2888 quam

293 2911 438 2990 postulat
449 2910 657 2991 epistolarum
670 2929 785 2992 sermo,
796 2911 892 2976 etiam
904 2930 1015 2976 vocem
1024 2911 1186 2978 Nonarum
1200 2910 1327 2978 omnino

294 3030 356 3077 non
388 3013 599 3093 ascripturum
622 3011 730 3094 baisse,
762 3019 799 3078 ut
831 3014 937 3078 omisit
960 3032 1030 3078 eam
1053 3014 1159 3096 paullo
1183 3022 1267 3096 post,
1300 3012 1328 3081 si

292 3132 351 3196 per
379 3115 528 3196 loquendi
552 3117 814 3182 consuetudinem
845 3115 997 3181 licuisset.
1045 3117 1094 3180 Ex
1126 3136 1188 3198 quo
1211 3114 1258 3196 fit,
1291 3123 1327 3182 ut

292 3217 420 3299 Zumpti
443 3219 675 3298 argumentatio
698 3238 762 3284 non
785 3218 1027 3309 sitprobabilis.
1074 3221 1240 3286 Accedunt
1254 3219 1323 3294 ulia.

291 3318 363 3386 Etsi
392 3320 477 3384 enim
507 3321 540 3383 in
569 3321 624 3384 illa
653 3322 773 3403 tabula,
809 3323 841 3387 in
872 3341 935 3404 qua
965 3341 1059 3388 voces
1083 3322 1164 3388 Non.
1189 3322 1275 3387 Iuliis
1303 3340 1323 3386 a

294 3421 449 3487 Cicerone
458 3424 561 3516 'lectas
573 3428 666 3507 putat
679 3443 750 3492 esse
759 3425 934 3508 Zumptius,
942 3425 1024 3492 hanc
1032 3427 1133 3509 ipsam
1146 3431 1322 3508 temporum

292 3526 449 3590 rationem
471 3524 567 3592 fuisse
591 3529 737 3592 assentiri
760 3548 823 3594 non
839 3529 1029 3608 dubitarem,
1044 3537 1151 3596 tamen
1173 3528 1324 3607 indidem,

293 3631 329 3690 ut
351 3632 425 3690 anta
447 3647 517 3693 eum
535 3629 618 3693 diem
635 3630 700 3697 ludi
715 3631 791 3696 facti
807 3651 870 3695 non
886 3632 957 3712 sint,
975 3635 1125 3714 consequi
1140 3632 1324 3710 neutiquam

293 3730 512 3798 concederem.
564 3731 646 3796 Nam
678 3736 704 3798 si
731 3735 819 3800 nulla
849 3734 911 3799 alia
947 3741 1127 3817 temporum
1151 3733 1323 3815 descriptio

212 3875 214 3878 -
292 3831 352 3896 nisi
375 3831 455 3897 Non.
480 3832 570 3898 iuliis
600 3835 644 3898 ibi
674 3835 849 3917 legebatur,
885 3837 1015 3918 singulis
1042 3838 1187 3902 ludorum
1212 3835 1323 3900 diebus

291 3934 410 4014 tabula,
442 3935 566 4015 qualem
590 3937 670 4000 vidit
693 3937 815 4021 Cicero,
844 3943 912 4002 erat
934 3941 1142 4022 proponenda
1164 3939 1321 4006 diversam

266 4049 267 4052 ’
291 4037 458 4117 praebens·
471 4038 721 4120 inscriptionem,
738 4047 783 4120 ut,
800 4043 950 4121 quoniam
973 4049 1040 4106 tum
1057 4061 1183 4123 quoque
1199 4042 1320 4109 dierum

312 4157 446 4165 -—-.--..

362 4205 385 4271 ¹)
404 4204 436 4256 ln
454 4205 517 4260 edit.
537 4207 658 4262 Ciceron.
681 4215 760 4263 oratt.
780 4211 839 4264 sell.
860 4212 915 4266 vol.
935 4211 974 4264 VI
992 4210 1077 4280 praef.
1098 4212 1198 4279 (1870).
