3180 4870
722 304 935 370 ⁶34-

311 476 558 558 neglegendnm,
574 475 658 556 quod
671 473 1158 556 inloricastatuaeimperatoris
1168 471 1345 555 Augusti‚¹)

311 579 364 659 qui
388 585 421 643 et
443 580 483 643 ab
508 579 578 646 aliis
600 577 714 660 Apollo
745 576 967 657 appellabatur
988 584 1020 641 et
1042 579 1111 658 ipse
1134 595 1168 643 se
1191 577 1346 660 Apollinis

219 749 224 756 ,
253 704 257 712 ·
310 679 422 744 habitu
448 681 648 747 formandum
676 697 751 744 aere
781 673 995 758 curaverat‚²)
1021 685 1151 760 praeter
1165 679 1347 761 Apollinem

312 783 450 864 deasque
466 801 583 866 genere
599 783 628 848 ei
643 782 813 864 proximas·
827 783 922 846 etiam
940 783 995 848 Sol
1010 787 1060 848 est
1073 779 1178 848 fictus.
1222 781 1345 847 Numus

311 903 436 967 quoque
460 891 573 966 exstat,
597 885 650 967 qui
674 885 856 968 Apollinem
880 903 936 952 seu
960 886 1068 951 Solem
1091 887 1197 968 capite
1219 885 1344 950 radiato

311 987 439 1068 globum
469 993 633 1053 tenentem
654 987 790 1070 praebet
812 993 846 1054 et
866 990 948 1054 hanc
971 990 1185 1071 epigraphen:
1220 987 1345 1052 APOL-

313 1089 438 1156 OONS·
454 1089 556 1156 AVG·
569 1087 594 1171 ³)
618 1091 706 1156 Inter
718 1092 892 1173 scriptores
904 1097 1010 1157 autem
1019 1091 1180 1158 Romanos
1188 1091 1345 1174 Apollinis

310 1195 343 1258 in
359 1191 466 1260 Solem
489 1194 583 1258 deum
600 1194 745 1258 conversi
768 1195 887 1260 mentio
904 1211 967 1260 non
982 1193 1019 1258 fit
1040 1195 1101 1260 nisi
1116 1196 1201 1276 opud
1223 1201 1347 1277 poetas,

312 1298 412 1380 quiin
427 1297 612 1372 referendis,
636 1315 717 1378 quae
733 1297 772 1361 de
796 1297 863 1362 deis
885 1297 1063 1376 traduntur,
1079 1299 1198 1364 fabulis
1214 1299 1346 1364 Graecis

311 1401 526 1483 acquiescunt.
572 1397 672 1464 Velut
694 1399 848 1464 Horatius
870 1399 965 1480 idem,
988 1401 1041 1481 qui
1064 1401 1220 1482 Apollinis
1250 1402 1347 1483 prisci

311 1503 375 1567 vim
397 1503 593 1568 notissimam
618 1521 714 1567 carm.
738 1501 765 1584 1,
783 1502 836 1585 21,
849 1503 890 1569 13
902 1522 990 1584 seqq.
1009 1508 1102 1568 acute
1118 1502 1263 1584 depinxit
1283 1505 1346 1571 ita:

408 1605 489 1686 „Hic
512 1605 631 1670 bellum
652 1604 865 1687 lacrimosum,
895 1608 946 1670 hio
968 1607 1117 1670 miseram
1138 1604 1254 1670 famem

452 1708 645 1790 Pestemque
669 1728 687 1772 a
709 1698 830 1791 populo
856 1716 889 1775 et
910 1710 1054 1791 principe
1078 1708 1219 1774 Caesare
1240 1709 1273 1772 in

494 1811 609 1877 Persas
633 1818 728 1892 atque
751 1811 923 1877 Britannos

500 1913 615 1979 Vestra
637 1920 742 1978 motus
765 1919 839 1994 aget
860 1917 990 1995 prece,“

312 2016 492 2098 Apollinem
515 2020 667 2096 tanquam
689 2005 835 2080 renatum
859 2034 931 2080 curn
955 2015 1029 2082 Sole
1052 2021 1170 2097 aequat
1199 2017 1347 2082 carminis

312 2118 485 2185 saecularis
508 2121 549 2197 (v.
575 2117 594 2183 9
618 2118 720 2200 seqq.)
744 2118 850 2190 verbis
871 2118 939 2184 his:

519 2221 631 2302 „Alme
655 2221 720 2304 Sol,
737 2241 834 2287 curru
857 2223 957 2288 nitido
982 2225 1065 2286 diem
1089 2223 1142 2302 qui

564 2324 685 2390 Promis
709 2332 741 2392 et
764 2328 858 2407 celas,
874 2326 1017 2406 aliusque
1040 2331 1073 2389 et
1095 2324 1181 2390 idem

456 2442 459 2448 ·
561 2424 727 2494 Nasceris:
749 2429 853 2510 possis
874 2429 952 2493 nihil
974 2428 1053 2492 urbe
1075 2429 1176 2492 Roma

605 2531 716 2596 Visere
739 2533 876 2598 maiusl“

313 2634 424 2715 Neque
441 2634 572 2700 Ovidius
588 2634 767 2716 Apollinem
784 2634 890 2702 Solem
914 2652 987 2699 cum
1003 2634 1106 2698 Diana
1121 2634 1213 2698 Luna
1228 2633 1347 2696 omittit

315 2746 507 2818 componere
519 2732 544 2814 ⁴¹)
566 2736 710 2801 versibus
733 2737 800 2802 his:
1166 2726 1168 2731 ’

402 2839 583 2920 „Signaque
605 2857 687 2919 quae
714 2839 808 2920 longo
836 2837 937 2904 frater
957 2843 1144 2920 percenseat
1166 2855 1260 2916 anno,

485 2941 536 3005 Ire
558 2957 618 3022 per
638 2942 718 3006 haec
741 2960 803 3007 uno
826 2961 936 3007 mense
959 2942 1077 3007 sororis
1100 2940 1231 3021 eqnos.“

322 3129 323 3134 ἵ
400 3044 555 3127 Apollinis
588 3048 694 3108 autern
729 3045 874 3109 notitiam
917 3043 1037 3110 eisdem
1069 3042 1269 3124 temporibus
1301 3042 1348 3104 ita

315 3155 469 3214 mutatam
492 3147 600 3230 fuisse,
615 3152 652 3211 ut
674 3167 738 3212 non
761 3149 897 3230 amplius
918 3145 1052 3230 pestifer
1067 3145 1146 3212 deus
1161 3144 1345 3221 haberetur,

314 3255 372 3320 sed
394 3252 543 3318 salutaris
564 3255 689 3316 tantum
713 3269 750 3317 ac
772 3252 867 3333 plane
889 3252 1055 3332 benignus,
1085 3248 1235 3313 Knehnio
1260 3247 1294 3326 (l.
1318 3263 1344 3310 c.

314 3376 344 3438 p.
366 3357 423 3437 44)
446 3353 622 3420 concedere
644 3366 778 3438 nequeo,
802 3355 886 3437 quod
909 3354 1003 3418 buius
1025 3353 1072 3416 rei
1094 3356 1210 3417 testem
1234 3348 1344 3414 afferre

314 3477 379 3524 non
399 3475 548 3542 possum;
581 3459 696 3523 Horati
727 3459 871 3523 enimin
904 3475 1001 3522 carm.
1029 3473 1110 3520 saec.
1134 3457 1177 3532 (v,
1201 3453 1241 3519 33
1265 3449 1343 3532 seq.)
1403 3492 1411 3500 -

315 3561 423 3642 verba,
456 3579 537 3642 quae
568 3562 745 3628 sententiae
768 3580 844 3626 suae
866 3560 919 3624 ille
942 3555 1091 3640 perhibet
1112 3555 1346 3621 testimonium:

387 3819 410 3886 ¹)
428 3817 530 3872 Romae
554 3818 652 3872 effossa
679 3817 817 3883 descripta
838 3821 878 3870 est
904 3816 933 3867 in
960 3813 1097 3868 Bullatino
1128 3811 1193 3865 dell’
1220 3811 1344 3863 instituto

316 3905 344 3958 di
362 3920 431 3959 corr.
450 3905 524 3958 arch.
543 3919 594 3971 per
612 3905 704 3957 l⁷anno
725 3909 800 3970 1863,
819 3918 845 3969 p.
866 3908 896 3954 73
914 3915 971 3967 seq.

388 3987 412 4059 ²)
431 3991 530 4046 Comm.
555 3990 638 4055 Cruq.
670 3985 705 4041 ad
730 3987 796 4040 Hor.
821 3987 872 4054 Ep.
898 3985 919 4054 1,
949 3993 987 4050 13,
1015 3991 1062 4053 ¹⁷3
1093 3983 1167 4038 Suet.
1196 3988 1265 4048 Aug.
1294 3987 1338 4046 ⁷⁰3

317 4077 392 4132 Serv.
410 4077 445 4130 ad
468 4076 545 4144 Verg.
563 4076 622 4128 Ecl.
641 4073 688 4140 IV,
709 4079 747 4127 10.

386 4160 410 4229 ³)
428 4161 535 4216 Rasche
554 4175 575 4216 s.
594 4175 619 4213 v.
637 4160 747 4226 Apollo.

386 4249 411 4315 ⁴)
431 4248 503 4301 Fast.
514 4246 564 4312 111,
586 4253 634 4299 109
652 4260 730 4312 seqq.
