3180 4870
648 349 860 415 ..35-

460 485 620 603 „Condito
643 519 729 584 mitis
750 519 957 601 placidusque
980 521 1056 599 telo,

501 623 667 706 Supplices
690 621 763 686 audi
786 641 915 705 pueros,
939 622 1090 705 Apollo!“

239 764 371 828 prorsus
398 743 476 810 nihil
501 745 720 808 demonstrant
742 761 843 824 aeque
867 762 903 808 ac
919 742 1034 808 Tibulli
1056 741 1146 808 locus
1168 741 1226 826 (II,
1242 745 1272 827 5,

240 847 306 930 79),
331 867 429 929 quern
455 845 567 911 afferre
590 846 703 928 potuit.
747 843 796 910 Ibi
820 847 902 911 enim
926 847 1080 929 scriptum
1103 847 1262 914 videmus:

651 968 728 1046 „sed
751 973 787 1031 tu
808 967 871 1031 iarn
894 968 990 1047 mitis,
1013 967 1140 1050 Apollo,

357 1071 507 1152 Prodigia
525 1069 690 1159 ¹indomitis
712 1087 820 1150 merge
844 1071 901 1135 sub
924 1070 1143 1152 aequoribus.“
1253 1080 1263 1143 s

325 1191 534 1273 Quotcunque
543 1191 631 1256 locos
646 1190 831 1270 inspexeris,
841 1190 892 1255 dei
904 1191 1107 1258 severitatem
1119 1190 1272 1258 facilitate

238 1301 334 1376 atque
357 1294 556 1374 indulgentia
571 1294 617 1360 eis
632 1293 830 1373 temporibus
843 1294 895 1384 ¹iix
911 1294 1010 1374 mags
1027 1312 1121 1374 qnam
1137 1301 1233 1360 antea
1246 1292 1272 1379 ¹)

239 1397 404 1462 obscurari
426 1397 577 1462 invenies.

304 1516 355 1580 Ex
370 1517 459 1582 noris
472 1515 664 1580 carminibus
676 1513 836 1595 Sibyllinis
847 1530 943 1579 unum
956 1514 1057 1579 fertur
1067 1517 1272 1598 praedixisse,
1281 1528 1326 1571 Gur
1340 1530 1369 1570 ιδ
1386 1529 1487 1581 *unum

237 1618 335 1684 finitis
359 1619 529 1698 aetatibus,
545 1637 678 1699 quarum
701 1618 763 1680 alia
779 1617 960 1698 corruptior
975 1617 1068 1682 aliam
1084 1627 1272 1700 sequeretur
1297 1597 1463 1714 ,ffffiffi

238 1727 433 1803 corruptam‚
476 1720 600 1786 decimo
632 1720 767 1800 denique
804 1719 930 1785 saeculo
960 1720 1000 1784 ab
1024 1721 1171 1802 Apolline
1202 1742 1272 1788 eam
1304 1734 1418 1812 tribum}
1431 1734 1463 1775 ut

158 1845 161 1850 ’
239 1824 470 1903 condicionem,
508 1841 589 1904 quae
622 1823 778 1905 principio
812 1820 935 1901 fnisset,
972 1829 1157 1888 revocatum
1184 1827 1232 1890 iri.
1246 1822 1273 1907 ²)
1333 1803 1432 1845 ''⁰²⁰⁸''

238 1928 440 1993 Hermannus
451 1925 558 2007 igitur,
574 1925 722 2006 quoniam
735 1944 773 1990 co
788 1925 857 2005 ipso
870 1931 1025 2006 tempore,
1041 1945 1102 2006 quo
1118 1929 1273 1994 scriberet

238 2033 278 2097 de
311 2034 373 2097 hoc
408 2030 548 2093 carmine
575 2029 734 2109 Vergilius
767 2030 799 2093 in
833 2028 945 2109 ecloga
967 2028 1020 2096 JV.
1055 2034 1096 2109 (a
1130 2029 1272 2127 714110),

236 2152 353 2200 novum
378 2131 577 2198 saeculorum
601 2132 744 2197 ordinem
766 2131 963 2196 naseiturum
996 2135 1029 2197 in
1052 2151 1107 2198 ore
1130 2134 1272 2200 omnium

236 2237 334 2304 inisse
365 2235 551 2315 arbitratur,
589 2236 649 2300 hac
680 2253 719 2300 er
748 2253 794 2315 rc,
829 2253 886 2298 cnr
907 2236 1043 2326 Augusti
1071 2238 1272 2319 temporibus

236 2340 351 2422 Apollo
374 2339 506 2405 honoris
520 2336 682 2419 fastigium
693 2337 735 2402 sit
750 2342 931 2418 assecutus,
942 2339 1090 2420 explicat.
1105 2336 1131 2422 8)
1177 2341 1270 2406 Hunc

237 2445 321 2509 enim
352 2443 580 2523 imperatorem
611 2440 698 2506 illam
728 2441 830 2521 ipsam
860 2441 1072 2507 multitudinis
1095 2461 1269 2524 suspensae

238 2546 498 2627 superstitionem
522 2543 635 2608 callide
658 2544 832 2624 arripuisse
855 2550 887 2607 et
910 2561 981 2608 curn
1004 2544 1074 2610 aliis
1090 2546 1185 2612 rebus
1200 2554 1268 2610 tum

237 2647 433 2714 aedificando
451 2647 606 2727 Apollinis
628 2646 748 2727 templo
771 2647 804 2708 id
827 2646 961 2709 maxime
985 2648 1097 2728 egisse,
1112 2654 1149 2712 nt
1170 2649 1268 2730 ipsius

173 2775 179 2781 ⁵
235 2751 369 2834 imperio
394 2750 501 2812 divina
522 2747 606 2813 illius
629 2747 749 2813 oraculi
775 2747 949 2813 auctoritas
965 2749 1143 2831 accederet,
1171 2756 1267 2831 atque

236 2860 273 2920 ut
287 2872 335 2933 ea,
352 2870 433 2932 qnae
449 2851 489 2914 ad
505 2869 618 2931 pacem
632 2850 856 2914 stabiliendam
872 2868 1040 2932 moresque
1059 2853 1266 2933 corrigendos

238 2956 437 3036 instituisset,
461 2953 551 3035 quasi
581 2953 683 3035 ipsam
706 2953 874 3018 Astraeam
907 2955 1061 3020 reducere
1088 2973 1267 3036 aureaeque

241 3061 355 3124 aetatis
377 3058 585 3122 fundamenta
613 3057 718 3120 iacere
740 3056 934 3122 viderentur.
980 3058 1071 3122 Hanc
1094 3058 1269 3122 Hermanni

241 3160 280 3226 de
295 3162 364 3226 loeo
376 3160 530 3243 Apollinis
542 3157 731 3224 seutentiam
744 3155 941 3242 Knebnius4)
959 3167 1047 3225 reete
1062 3161 1108 3224 ita
1122 3161 1269 3224 immuta·

237 3264 293 3343 vit,
327 3269 362 3327 ut
392 3264 526 3340 diceret,
559 3267 684 3325 tanturn
713 3260 760 3324 illi
788 3262 919 3325 carmini
943 3261 1083 3327 Cumaeo
1112 3281 1175 3326 non
1199 3280 1269 3328 esse

236 3365 450 3444 tribuendum,
468 3369 504 3427 nt
519 3364 592 3429 inde
609 3363 699 3445 quasi
713 3363 952 3428 fundamentum
965 3366 1063 3431 totius
1076 3365 1271 3447 quaestionis

237 3469 490 3550 depromeretur.
537 3465 698 3547 Ceterum,
722 3486 793 3532 cum
816 3473 945 3549 praeter
967 3467 1140 3548 Vergilium
1163 3469 1269 3533 nullus

138 3590 140 3593 ·
238 3571 381 3635 eiusdem
403 3571 561 3652 temporis
581 3571 719 3651 scriptor
741 3573 830 3636 aurei
852 3571 971 3637 sacculi
993 3573 1119 3635 venturi
1141 3571 1270 3637 iecisset

238 3673 442 3753 mentionem,
459 3691 587 3737 carmen
602 3673 679 3736 illnd
697 3672 883 3756 Sibyllinum
906 3674 990 3738 haud
1007 3674 1102 3739 dubie
1117 3693 1181 3740 non
1204 3681 1269 3739 tarn

310 3893 333 3974 ¹)
353 3886 525 3946 Carminibus
558 3892 696 3960 Sibyllinis
728 3895 874 3948 salutarem
909 3895 1047 3961 Apollinis
1077 3903 1201 3948 naturam
1234 3897 1268 3950 ab

236 3977 317 4030 initio
337 3992 458 4046 pressam
476 3992 535 4031 esse
553 3992 635 4045 supra
654 3981 693 4046 (p.
714 3981 758 4048 29)
777 3981 1050 4034 commemoravimus.

306 4078 332 4147 2)
352 4079 436 4148 Verg.
450 4081 512 4134 Ecl.
529 4080 576 4148 IV,
595 4088 688 4148 4-10,
706 4084 741 4137 cf.
755 4097 823 4148 qnae
837 4083 910 4137 Serv.
929 4099 963 4136 ex
975 4083 1085 4150 Nigidio
1096 4083 1134 4137 ibi
1147 4083 1268 4137 adnotat.

305 4181 330 4252 ³)
350 4183 367 4256 l.
388 4198 409 4238 c.
429 4200 455 4252 p.
476 4189 507 4238 18
526 4199 581 4250 seq.

352 4288 368 4340 l.
388 4303 410 4340 c.
432 4305 457 4352 p.
478 4294 510 4340 30
528 4303 601 4354 seqq.

1064 4375 1096 4429 3*
