3180 4870
658 259 874 342 -157

274 453 344 501 esso
368 431 464 498 Suida
494 437 626 514 excepto
650 436 685 512 (s.
709 450 737 496 v.
762 425 945 514 Ἡροφίλυ)
977 438 1104 500 veteres
1124 435 1207 500 inter
1230 455 1301 502 sese

275 538 474 604 consentiunt
489 535 670 616 scriptores.
681 531 706 617 ¹)
728 534 848 611 Quodsi
863 534 947 599 inter
963 535 1080 601 Cumas
1095 547 1128 601 et
1143 538 1298 620 Rhegium

273 641 374 706 libera
405 638 498 704 nobis
531 638 624 702 datur
657 638 755 719 optio,
801 636 870 717 ipsa
903 655 941 702 ex
971 637 1186 704 Cumanorum
1220 642 1300 708 urbe

273 743 392 809 cultum
414 741 547 806 Romam
570 739 692 806 illatum
715 758 784 806 esse
808 740 1032 816 existimamus,
1055 742 1192 823 primum
1216 745 1300 825 quod

274 846 394 912 Cumae
421 845 562 911 aRoma
592 845 721 928 propius
752 844 895 926 aberant,
930 843 1043 909 deinde
1074 845 1158 926 quod
1190 864 1300 912 omnes

273 949 411 1032 Sibyllae
432 948 589 1014 artissime
612 966 683 1012 oum
706 947 857 1029 Apolline
880 953 953 1014 sunt
976 949 1172 1028 coniunctae,
1182 942 1208 1030 2)
1231 954 1300 1013 tum

272 1053 357 1136 qnod
385 1051 494 1118 Cumis
526 1052 603 1133 ipsis
636 1072 655 1116 a
681 1051 832 1117 Romanis
868 1050 1004 1117 fortasse
1036 1069 1094 1132 per
1123 1051 1181 1115 XV
1215 1052 1299 1116 viros

271 1157 367 1220 etiam
382 1156 612 1240 posterioribus
623 1155 819 1238 temporibus
837 1151 1084 1220 sacrificabatur.
1100 1150 1125 1233 3)
1166 1154 1300 1220 Romani

274 1257 400 1339 Cumas,
415 1259 577 1340 antiquam
596 1258 683 1323 illam
698 1258 855 1340 Apollinis
878 1257 996 1338 sedem,
1012 1256 1069 1323 sub
1093 1255 1187 1322 finem
1209 1258 1300 1339 regui

271 1379 423 1443 prospere
456 1380 525 1428 sese
556 1361 734 1427 defendisse
765 1361 804 1426 ab
826 1359 972 1426 Etruscis
982 1356 1007 1442 4)
1038 1360 1192 1426 viderant.
1238 1361 1300 1438 Qui

272 1483 344 1528 oum
375 1464 487 1529 eodem
516 1464 582 1529 fere
611 1470 756 1544 tempore
786 1464 825 1528 ab
854 1464 973 1530 eisdem
994 1463 1139 1530 hostibus
1158 1464 1300 1545 graviter

271 1572 469 1648 urgerentur,
506 1586 610 1632 nonne
642 1573 754 1648 petere
787 1573 971 1650 potueruut,
1013 1568 1130 1649 quippe
1164 1585 1297 1648 quorum

270 1669 380 1751 religio
403 1675 473 1735 tota
494 1671 526 1734 in
549 1671 743 1752 experientia
766 1677 851 1736 esset
872 1668 1073 1751 colloceta‚⁵)
1096 1670 1177 1735 huno
1202 1669 1297 1734 deum

271 1773 367 1838 etiam
396 1773 429 1837 in
458 1773 533 1838 belli
555 1774 703 1854 periculis
725 1772 959 1838 medicantem?
991 1773 1038 1838 Ae
1060 1773 1219 1856 quoniam,
1242 1773 1297 1838 ubi
1343 1787 1468 1838 munninio

270 1876 458 1958 Tarquinius
481 1875 643 1957 Superbus
665 1876 812 1958 expulsus
832 1874 914 1957 fugit
933 1875 1061 1956 cumas,
1089 1857 1510 1968 ⁰⁰l⁶b0fflfflitffffibssuffi

269 1998 350 2061 quae
366 1984 440 2043 ante
457 1985 547 2043 eraut
565 1981 648 2043 inter
663 1978 796 2044 Romam
814 1977 993 2060 Cumasque
1010 1980 1211 2060 commercia,
1228 1986 1294 2045 tur·
1307 1995 1425 2046 unorum
1442 1994 1500 2036 vou-

269 2082 345 2147 bata
366 2081 513 2146 videntur
542 2101 622 2161 esse,
636 2078 661 2162 6)
686 2082 866 2164 Apollinem
890 2089 963 2148 anto
986 2083 1018 2146 id
1040 2084 1194 2165 temporis
1225 2084 1294 2150 dolo

268 2185 420 2250 Romanis
434 2184 616 2249 adiunctum
633 2203 704 2250 esse
720 2185 866 2251 arbitror.
912 2186 1077 2250 Minimum
1099 2187 1197 2266 igitur
1213 2192 1293 2251 tem·

268 2287 356 2369 poris
367 2287 566 2352 intervallum
578 2293 684 2354 statuo
696 2288 779 2352 inter
787 2288 966 2370 Apollinem
975 2294 1008 2352 et
1018 2288 1116 2354 libros
1125 2288 1294 2371 Sibyllinos

269 2390 402 2456 Romam
419 2394 575 2472 receptos,
598 2409 677 2472 quos
699 2391 872 2457 seeundum
891 2391 1092 2473 gravissimos
1115 2397 1263 2457 auctores
1271 2388 1293 2471 ¹)

1364 2065 1443 2106 simila.

270 2513 290 2558 a
311 2494 478 2574 Tarquinio
502 2492 646 2574 Superbo
670 2499 794 2575 emptos
816 2513 886 2560 esse
909 2512 1081 2560 censemus.
1125 2494 1168 2559 Et
1186 2494 1294 2576 vulga-

270 2601 336 2660 tam
351 2597 478 2677 quidem
492 2615 607 2678 sequar
620 2598 810 2679 opinionem,
822 2604 897 2680 post
911 2597 990 2662 haee
1006 2598 1146 2662 carmina
1161 2602 1294 2679 accepta

339 2835 362 2903 1)
379 2834 466 2890 Varro
490 2837 562 2904 apud
585 2837 666 2892 Laut.
690 2838 759 2892 lnst.
785 2837 847 2890 Div.
874 2837 895 2905 Ι,
918 2839 943 2905 6,
966 2837 1041 2890 loau.
1066 2835 1135 2905 Lyd.
1154 2835 1188 2889 de
1206 2850 1292 2890 mens.

268 2919 293 2988 4,
310 2919 352 2988 34,
370 2920 436 2975 lsid.
459 2922 526 2989 orig.
548 2921 573 2990 8,
591 2923 615 2990 8,
634 2922 709 2977 Suid.
728 2939 750 2977 s.
768 2940 793 2979 v.
816 2924 958 2995 Σίβυλλα,
982 2924 1010 2976 in
1036 2921 1188 2976 Friedliebi
1212 2921 1291 2976 Orac.

269 3006 366 3075 Sibyll.
383 3023 534 3074 anonymus
552 3008 581 3061 id
596 3007 699 3063 factum
724 3025 786 3064 esse
804 3009 920 3064 tradunt
937 3024 1001 3077 rege
1015 3008 1167 3074 TarquInio
1184 3008 1291 3076 Fusco,

268 3091 421 3159 Tarqrrinio
444 3092 568 3160 Superbo
591 3093 672 3147 Dion.
698 3094 759 3148 Hal.
782 3095 830 3163 IV,
856 3095 897 3163 64,
923 3095 992 3149 Gall.
1017 3095 1039 3163 l,
1065 3093 1106 3159 19,
1128 3094 1200 3146 Plin.
1219 3109 1246 3147 n.
1264 3093 1291 3146 h.

268 3177 344 3245 XIII,
361 3177 446 3246 27,88‚
465 3177 507 3246 oi,
529 3179 633 3247 Lange,
656 3179 733 3234 Rom.
758 3180 878 3235 Alterth.
903 3179 936 3248 1³,
958 3179 1010 3234 448
1027 3197 1054 3233 n.
1073 3179 1087 3231 1
1107 3186 1136 3234 et
1153 3179 1170 3232 2
1188 3193 1220 3232 ae
1238 3179 1292 3232 Le·

266 3265 325 3331 wis,
344 3262 595 3333 Untersuohungen
614 3266 682 3319 iiber
699 3265 809 3321 altrbm.
829 3265 1037 3332 Aesonides
1055 3282 1082 3319 n.
1101 3265 1159 3319 305.

336 3364 360 3435 ²)
377 3365 546 3435 Marquardt,
569 3367 677 3422 Handb.
701 3369 748 3436 Vl,
774 3369 833 3422 344.
869 3369 1015 3424 Neminem
1036 3367 1197 3438 offenderit,
1219 3369 1291 3436 quod

267 3452 370 3507 oracul.
390 3450 485 3519 Sibyll.
502 3451 550 3521 Vl,
568 3453 585 3506 3
603 3469 678 3521 seqq.
697 3453 914 3524 (edFriedlieb)
934 3454 1056 3523 Sibyllae
1070 3455 1188 3522 legimus
1207 3456 1292 3511 verba

267 3538 351 3593 haec:
426 3535 529 3592 Ma'llm
549 3533 599 3608 ἀφ’
616 3537 751 3611 ἡμετέρου
767 3539 938 3610 παυοληθέα
955 3539 1154 3610 μαντεύεσθαι.

418 3619 462 3679 Οὔ
485 3629 644 3692 ψευδοῦς
662 3629 794 3701 Φοίβου
811 3628 1011 3700 χρησμηγόοος,
1031 3625 1094 3684 ὅντε
1112 3628 1231 3698 μάταιοι

419 3708 590 3780 Ἄνθρωποι
607 3711 679 3768 θεὸν
697 3710 786 3783 εἵπου,
814 3712 1003 3782 iaroslawo
1023 3716 1054 3772 di
1066 3716 1218 3786 μάντιν...

271 3803 299 3851 et
310 3795 342 3865 V,
354 3797 405 3852 326
428 3795 494 3853 ἄνθ’
512 3794 553 3855 ὦυ
570 3800 658 3856 εἵλετο
677 3799 728 3871 τὴν
756 3805 890 3874 Φοίβου
910 3803 1107 3873 δίολοεσοαυ
1132 3800 1290 3873 dolona...

338 3900 360 3969 ³)
379 3902 477 3971 Obseq.
494 3903 528 3957 28
546 3904 614 3974 (87),
633 3905 667 3958 of.
684 3907 854 3976 marquarde,
872 3907 981 3963 Handb.
999 3907 1047 3972 Vl.
1065 3907 1115 3962 381
1133 3923 1160 3961 n.
1180 3911 1204 3963 5.

335 4004 359 4072 ⁴)
377 3985 557 4075 errorque
574 4008 712 4063 uerrenen
730 4010 759 4062 rn
779 4010 872 4078 camp.
889 4026 917 4079 p.
936 4010 977 4064 15.

336 4091 360 4159 5)
376 4092 451 4147 Serv.
469 4094 504 4148 ad
521 4093 604 4162 Verg.
623 4094 719 4163 Georg.
736 4095 785 4163 111,
803 4095 862 4149 456.

337 4176 362 4244 6)
381 4178 461 4232 Dion.
479 4180 542 4233 Hal.
560 4180 620 4248 VII,
639 4181 666 4236 2.
