3180 4870
660 305 869 372 ..47-

341 477 459 559 ltaque,
476 478 551 558 quin
567 478 650 543 diem
661 477 808 543 ludorum
823 476 1009 543 sollemnem
1026 475 1066 539 ab
1080 475 1171 540 inItio
1181 473 1278 540 luisse

253 601 280 645 a.
304 581 334 645 d.
358 579 410 644 ΙΙΙ
434 578 480 645 Id.
505 579 611 658 Quint.
635 581 781 661 arbitrer,
804 579 910 646 facere
933 597 996 644 non
1018 595 1156 659 possum.
1183 615 1220 626 -—

339 681 421 748 Cum
452 684 648 764 quaestione,
681 690 787 747 utrum
819 701 847 747 a.
879 684 910 749 d.
933 680 985 746 Ill
1008 679 1088 744 Non.
1113 678 1220 756 Quint.
1244 698 1284 744 an

201 856 205 862 s
253 805 281 851 a.
305 786 333 849 d.
357 783 408 848 llI
430 785 476 852 ld.
508 787 637 851 easdem
666 786 816 851 ludorum
838 783 1068 870 Apollinarium
1098 781 1194 846 merit
1217 783 1284 847 dies

252 887 422 963 sollemniS,
459 893 528 954 arte
561 888 662 953 altera
695 889 914 968 coniungenda
947 893 998 954 est
1019 888 1099 952 haec
1129 885 1284 966 quaestio,

253 991 473 1072 compluresne
496 992 565 1056 dies
587 993 620 1054 hi
642 992 710 1055 ludi
733 991 772 1054 ab
796 1010 822 1055 a.
846 989 993 1074 5161208,
1027 1007 1089 1070 quo
1111 987 1188 1054 lacti
1211 991 1285 1053 sunt

253 1094 347 1158 annui
371 1093 488 1174 statim,
514 1094 684 1181 habuerint
706 1111 817 1159 necne.
863 1093 935 1157 Hac
958 1093 998 1156 de
1020 1093 1167 1157 restium
1183 1091 1284 1171 magis

250 1201 402 1276 tanquam
453 1197 603 1277 guttatim
649 1201 780 1261 manant
818 1195 940 1273 iontes3
987 1211 1025 1260 ex
1061 1194 1131 1258 Livi
1176 1201 1283 1258 autem

252 1298 367 1378 verbis,
405 1299 496 1364 ludos
530 1317 568 1364 eo
602 1318 684 1365 anno
718 1301 750 1363 in
784 1303 975 1381 perpetuum
1012 1303 1106 1362 votos
1140 1313 1211 1362 esse
1250 1297 1283 1359 in

252 1405 376 1468 statam
391 1399 521 1483 diem,¹)
543 1421 619 1467 cave
642 1403 812 1484 quidquam
830 1401 968 1483 colligas.
991 1399 1174 1466 Huschkius
1189 1398 1283 1464 nullis

252 1505 447 1585 argumentis
484 1507 570 1570 nisus
608 1505 647 1570 ab
686 1525 766 1569 enno
795 1508 1046 1572 commemorato,
1079 1521 1142 1568 non
1179 1501 1281 1568 solum

252 1607 441 1689 complures,
458 1625 570 1672 verum
593 1609 688 1672 etiarn
712 1609 819 1673 statim
844 1613 916 1672 octo
938 1607 1086 1671 ludorum
1101 1605 1198 1671 luisse
1215 1605 1282 1670 dles

253 1710 398 1789 coniecit,
411 1704 436 1789 ²)
471 1726 542 1774 cum
572 1707 682 1776 omnes
713 1711 812 1775 ceteri
844 1710 904 1773 viri
934 1710 1020 1774 docti
1050 1728 1148 1774 unum
1170 1715 1281 1774 tenere

251 1803 420 1876 videantur
449 1815 544 1877 etium
575 1815 607 1877 in
637 1815 798 1896 proximos
821 1805 938 1879 annos.
994 1813 1158 1893 Dolemus,
1197 1811 1281 1894 quod

251 1913 311 1979 hac
334 1915 373 1978 de
395 1933 432 1979 re
454 1916 506 1978 vix
522 1917 600 1980 certi
623 1917 794 1998 quidquam
814 1917 891 1982 licet
912 1918 1018 1982 statui.
1073 1915 1204 1996 lienum,
1228 1914 1282 1996 qui

252 2035 315 2082 non
338 2036 401 2082 uno
423 2021 547 2082 tentum
570 2020 621 2083 dle
645 2021 754 2086 statim
777 2019 816 2084 ab
840 2033 867 2085 a.
890 2017 1027 2092 5461208
1054 2018 1145 2095 ludos
1168 2025 1282 2100 putent

254 2137 323 2184 esse
354 2121 466 2202 eddon,
501 2122 583 2186 ratio
613 2141 651 2186 eo
681 2123 809 2188 vitietur
837 2122 967 2202 firmari,
1006 2123 1089 2203 quod
1119 2123 1159 2186 ab
1188 2123 1280 2186 initio

254 2229 345 2286 erant
366 2228 399 2286 et
421 2224 579 2288 circenses
603 2229 635 2288 ot
650 2226 776 2301 scenici,
793 2226 876 2305 quod
899 2227 962 2288 iam
985 2244 1013 2290 a.
1038 2222 1174 2306 5751119
1191 2225 1280 2303 „the-

252 2331 356 2390 atrum
373 2331 405 2390 et
416 2328 616 2409 proscenium
633 2328 673 2392 od
686 2327 860 2409 Apollinis‘
874 2324 899 2409 ³)
916 2329 982 2393 sine
998 2326 1094 2392 dubio
1109 2328 1281 2408 praecipius

251 2429 335 2494 ludis
350 2431 585 2512 Apollinaribus
608 2437 771 2496 exstructa
793 2435 876 2512 sunt,
893 2432 977 2511 quod
994 2431 1106 2495 eodem
1122 2436 1280 2512 tempore,

252 2549 314 2614 quo
343 2533 376 2596 in
405 2539 595 2615 perpetuum
625 2540 698 2598 sunt
728 2535 794 2598 voti
823 2535 856 2597 in
886 2539 1005 2598 statum
1029 2534 1123 2612 diem,
1159 2534 1281 2598 dierum

249 2635 406 2701 festorum
428 2654 577 2700 numerus
598 2638 705 2718 potuit
727 2634 922 2718 amplificari,
939 2634 1022 2716 quod
1047 2637 1182 2717 denique
1204 2642 1280 2701 tunc

248 2755 308 2819 per
330 2738 511 2820 complures
533 2737 653 2804 fiebant
676 2740 743 2805 dies
766 2740 819 2803 alii
840 2739 908 2804 ludi
921 2735 1078 2824 magnif)
1110 2740 1142 2803 in
1166 2739 1280 2820 quibus

248 2841 315 2905 ludi
337 2841 454 2922 plebeii
476 2842 584 2922 paullo
607 2848 680 2906 ante
695 2842 896 2923 Apollinares
910 2842 1064 2920 iustituti;
1080 2860 1155 2905 num
1173 2849 1280 2906 autem

250 2943 289 3008 ab
301 2943 392 3009 initio
409 2927 481 3010 octo
499 2945 566 3010 dles
584 2945 731 3010 ludorum
746 2944 874 3026 fuerint,
886 2947 919 3009 in
934 2946 1039 3009 medio
1055 2945 1279 3026 relinquamus,

252 3049 399 3128 quoniam
415 3067 494 3129 quos
509 3049 663 3113 habemus
681 3049 719 3112 de
736 3050 781 3114 eis
797 3048 860 3114 loci
875 3050 935 3113 hoo
955 3064 1058 3128 neque
1071 3048 1279 3129 comprobant

252 3168 352 3232 neque
382 3151 574 3232 improbant.
630 3151 680 3215 De
710 3153 810 3216 altero
842 3151 912 3216 loco
937 3151 1018 3234 (Lir.
1042 3150 1203 3230 XXXVII,
1237 3151 1280 3228 4),

251 3253 367 3336 quippe
397 3255 449 3334 qui
479 3255 558 3319 nihil
580 3273 638 3319 nos
662 3255 776 3319 doceat
797 3255 856 3319 nisi
880 3253 1058 3319 celebratos
1081 3270 1135 3318 eos
1159 3271 1228 3320 esse
1251 3272 1279 3320 a.

250 3355 386 3442 5641190
413 3376 440 3423 a.
465 3356 494 3423 d.
513 3356 602 3423 VId.
620 3356 732 3434 Quint(
751 3358 848 3438 (unde
871 3358 932 3422 hoc
956 3361 1043 3421 certe
1068 3356 1279 3438 colligendum

251 3465 308 3540 est,
342 3479 400 3542 per
427 3467 495 3526 tres
524 3460 688 3524 minimum
719 3461 788 3527 dics
816 3468 892 3526 tunc
922 3460 1023 3526 factos
1046 3462 1139 3540 esse),
1173 3478 1279 3540 nomo,

251 3563 376 3642 opinor,
409 3564 574 3630 nobiscum
602 3564 763 3644 dissentit,
798 3583 907 3630 verum
939 3565 978 3628 de
1010 3564 1111 3627 altero
1136 3561 1217 3646 (llic.
1240 3563 1280 3627 ad

126 3653 128 3655 ’
250 3664 316 3730 Att.
338 3665 422 3746 XVI,
439 3668 468 3748 i,
483 3672 517 3753 1)
541 3669 574 3734 in
598 3670 757 3734 diversum
779 3669 915 3733 tendunt
930 3653 1118 3732 sententiae.
1166 3663 1278 3731 Cicero

250 3769 269 3835 l.
283 3787 309 3832 c.
335 3769 413 3835 dicit
427 3771 523 3836 haec:
546 3771 667 3854 „Nonis
683 3753 895 3848 Quinctilibus
917 3771 989 3834 veni
1010 3771 1041 3832 in
1058 3767 1278 3832 Puteolanum.

321 3993 343 4061 ¹)
362 3992 419 4046 Liv.
437 3990 550 4062 XXVII,
570 3999 611 4048 23.

321 4075 523 4147 Utubffl.
1007 4096 1010 4103 ·

318 4161 343 4232 ³)
361 4165 421 4218 Liv.
441 4165 500 4233 XL,
519 4173 559 4232 51,
579 4160 614 4220 ci.
632 4165 767 4220 Ritscheli
788 4167 897 4233 Parerg.
916 4180 941 4243 p.
963 4171 1020 4218 218.

317 4247 341 4316 ⁴)
362 4249 556 4305 Friedlaender
575 4253 647 4320 apud
666 4252 882 4318 Marquardtlum
901 4251 949 4317 Vl,
968 4258 1018 4304 477
1038 4265 1116 4316 seqq.
