3180 4870
112 1443 260 1484 valdulnandi

81 1522 140 1560 qnae
161 1515 196 1553 ast
213 1512 285 1563 Apol-

80 1581 123 1620 lini
150 1581 186 1621 νίς
212 1581 286 1631 prima

93 1649 201 1689 Romani·
218 1655 273 1690 nota

716 249 844 314 --td
887 280 929 296 ,ἃ

299 437 410 484 vocem
424 425 527 484 ortam
542 423 657 502 putant
679 437 717 484 ex
734 418 858 486 Graeca
878 417 1071 506 ἠπειρώτης,
1087 421 1110 506 Ῑ)
1133 424 1228 491 hodie
1245 433 1332 493 certe

298 540 391 587 nemo
413 523 540 605 probat.
586 521 700 604 Neque,
720 521 876 591 similibus
910 525 1062 607 exemplis
1092 534 1200 608 potest
1228 528 1332 596 fulciri

299 625 495 690 derivatico
524 625 691 704 Welckero
719 627 898 720 proposita;
936 633 1030 709 putat
1047 631 1140 718 'enim
1176 633 1331 714 Apertam

299 730 431 795 eandem
447 747 517 796 esse
532 747 643 794 vocem
659 734 754 809 atque
779 723 983 810 Ἀπείρκτην.
998 724 1023 811 2)
1067 733 1116 796 Ad
1131 733 1219 800 Festi
1234 736 1331 818 igitur

298 832 539 914 explicationem
551 829 770 912 refugiendum
783 836 844 911 est,
861 834 1010 913 qnoniam
1029 851 1174 904 caremus
1186 838 1329 907 meliore.

297 935 345 999 Ex
356 935 417 1002 hoc
428 935 652 1016 lexicographo
664 933 781 1000 Paulus
792 935 824 999 in
837 935 976 1017 epitome
988 955 1019 1018 p.
1030 935 1072 1006 22
1086 940 1224 1021 sumpsit
1234 941 1329 1006 haec:

298 1038 439 1119 „Aperta
464 1038 548 1102 idem
575 1039 690 1120 Apollo
713 1039 904 1118 vocabatur,
937 1040 1013 1121 quia
1038 1048 1169 1124 patente
1205 1045 1329 1113 comm

296 1159 448 1223 responsa
461 1139 502 1206 cb
518 1159 557 1206 eo
580 1141 726 1208 dentur.“
770 1140 928 1224 nquibus
940 1143 1060 1224 verbis,
1080 1145 1139 1210 etsi
1156 1144 1328 1212 adnomen

294 1244 568 1326 interpretandum
578 1244 618 1309 ab
635 1245 719 1310 omni
733 1249 825 1326 parte
837 1263 901 1310 non
913 1243 1084 1326 sufficiunt,
1097 1265 1176 1312 voce
1187 1248 1340 1329 Apartae-

295 1347 364 1419 vim¹
387 1347 439 1412 dei
469 1347 640 1428 significari
671 1347 794 1412 futuras
819 1365 872 1412 res
901 1347 1065 1427 aperiendi
1080 1345 1105 1428 3)
1136 1348 1325 1420 concludere

296 1467 359 1518 non
374 1449 496 1516 dubito.
541 1448 575 1514 Si
590 1450 651 1515 hoo
668 1449 836 1516 statuimus
852 1453 970 1513 etcum
985 1449 1159 1518 Bitschelio
1169 1449 1194 1532 4)
1209 1471 1324 1518 nomen

293 1552 372 1617 illud
394 1553 620 1633 antiquissimis
648 1552 819 1617 tribuimus
840 1551 1050 1632 temporibus,
1082 1554 1164 1622 hauc
1187 1556 1238 1621 dei
1259 1557 1322 1620 vim

293 1758 407 1839 potuit,
444 1764 480 1821 ut
514 1757 547 1824 hi
581 1758 643 1838 ipsi
673 1775 736 1823 non
767 1757 885 1822 assueti
918 1757 995 1823 deos
1022 1759 1153 1840 patrios,
1192 1760 1246 1840 qui
1268 1766 1324 1825 aut

292 1859 473 1925 adnuebant
494 1865 549 1924 aut
571 1859 762 1940 abnuebant,
791 1859 967 1940 consulere,
1005 1861 1081 1940 quid
1109 1859 1212 1942 fieret,
1250 1861 1320 1940 sed,

291 1981 366 2026 num
397 1963 466 2044 quis
489 1979 527 2026 ex
549 1963 596 2028 eis
618 1962 819 2044 propositum
840 1961 993 2043 probaret
1015 1980 1126 2042 necne,
1162 1962 1236 2027 huic
1259 1964 1319 2028 deo

290 2083 406 2130 nomen
422 2065 534 2130 darent
556 2083 594 2129 ex
610 2083 658 2146 eo,
672 2065 768 2146 quod,
791 2083 872 2145 quae
888 2070 994 2142 essent
1016 2063 1135 2144 futura,
1152 2065 1323 2146 aperiebat

290 2168 396 2234 verbis
433 2169 579 2250 copiosis
592 2166 616 2246 5)
674 2167 798 2232 Eadem
814 2243 816 2249 Ι
835 2168 874 2232 de
919 2185 1014 2260 causa
1057 2167 1130 2232 libri
1163 2167 1318 2250 Sibyllini,

295 2329 497 2338 „W

359 2402 383 2470 ¹)
400 2400 433 2456 lu
456 2415 529 2467 corp.
553 2405 707 2468 mammete.
734 2398 794 2452 latt.
814 2403 879 2450 vett.
902 2397 944 2450 ed.
968 2397 1169 2451 Lindemuunns
1194 2404 1256 2450 tom.
1281 2397 1315 2466 ΙΙ,

291 2493 339 2540 332
369 2486 490 2540 Decorus
520 2485 634 2538 adnotat
664 2485 745 2538 haec:
782 2485 902 2552 „Aperta
930 2483 1023 2550 lingua
1047 2481 1208 2550 Terentina,
1249 2499 1317 2548 quae

288 2588 387 2640 magna
400 2587 434 2624 ex
445 2578 523 2640 parte
536 2571 678 2624 Aeolensis
698 2569 757 2638 fuit,
781 2563 914 2636 οἷπερώτα
928 2567 981 2620 hoc
999 2573 1040 2621 est
1061 2563 1226 2638 ἠπειρώτης,
1248 2568 1319 2635 quod

288 2659 484 2712 transmarinus
511 2655 577 2710 deus
603 2649 639 2710 sit
665 2663 692 2708 et
718 2655 903 2723 peregrinus.“
949 2652 1075 2707 Eandem
1094 2654 1165 2705 vium
1182 2655 1333 2721 ingressus»

289 2752 330 2798 est
348 2743 481 2812 Scaliger,
499 2743 532 2797 cf.
550 2743 707 2810 Encyolop.
726 2740 788 2794 Hal.
808 2755 828 2793 s.
847 2755 870 2793 v.
889 2744 1000 2807 Aperta.

357 2844 381 2916 2)
399 2846 433 2899 cf.
453 2835 592 2899 Welckeri
610 2845 657 2899 Gr.
677 2841 851 2898 Gotterlehre
868 2841 889 2909 1,
909 2848 967 2894 460.

355 2948 380 3019 ⁸)
397 2951 510 3003 Praeter
528 2957 633 3004 ceteros
652 2947 763 3002 eandem
781 2947 864 3000 habet
888 2945 1050 2999 sententium
1070 2943 1316 3012 Boucneneelerq,

288 3040 341 3092 Les
357 3035 476 3108 pontifes
494 3035 527 3089 de
545 3035 696 3090 l'uncienne
716 3034 800 3087 Rome
819 3048 845 3100 p.
866 3039 906 3084 55.
1119 3021 1120 3026 '

355 3140 380 3210 ⁴)
398 3142 430 3193 ln
456 3140 552 3206 Museo
578 3137 664 3192 Rhen.
692 3136 771 3206 (XII,
800 3137 861 3205 106)
884 3133 952 3189 teliu
979 3132 1089 3186 nomina
1115 3131 1227 3200 propria
1254 3131 1319 3184 dicit

287 3224 446 3282 ascribenda
464 3239 522 3278 esse
541 3225 634 3292 „einer
652 3223 712 3276 Zeit
729 3223 804 3275 alten
822 3219 960 3274 Verkehrs
984 3219 1032 3271 mit
1054 3217 1156 3286 grieeh¹
1173 3216 1316 3283 Smmmen,

287 3314 315 3367 iu
339 3313 387 3366 der
413 3312 468 3366 sich
497 3309 646 3363 das'latin.
668 3307 725 3361 Ohr
743 3307 797 3360 und
816 3303 922 3374 Organ,
949 3303 1133 3371 urgebundeu
1160 3301 1246 3354 durch
1273 3301 1315 3352 die

287 3397 401 3452 schriftl.
414 3396 547 3463 Fixirung
566 3395 584 3448 f.
595 3395 619 3447 d.
638 3397 724 3461 Auge,
739 3393 781 3445 dle
800 3390 922 3445 fremden
934 3390 1042 3455 Kltnge
1060 3388 1110 3441 mit
1127 3386 1176 3439 der
1193 3385 1314 3438 naivsten

287 3483 429 3537 Willkilhr
446 3482 649 3548 anbequemte.“
675 3480 769 3546 Pergit
785 3485 886 3532 autem:
907 3476 998 3544 „Musa
1017 3472 1124 3527 esdoch
1142 3471 1202 3525 eine
1220 3470 1313 3523 solche

287 3572 478 3638 Zeitgewesen
497 3568 562 3633 sein,
580 3567 608 3620 in
628 3566 734 3620 der
767 3560 902 3630 Ἀπόλλων
925 3574 976 3626 gar
992 3553 1314 3623 cunpertaumgebildet

286 3654 404 3708 wurde.“
421 3685 456 3694 -
473 3653 504 3706 ln
528 3652 615 3706 medio
641 3649 715 3704 haud
740 3649 819 3701 dubie
843 3657 884 3708 est,
901 3644 987 3698 formu
1005 3642 1105 3707 Apollo
1131 3639 1165 3691 ab
1184 3640 1314 3693 Aeolibus

287 3749 334 3794 aut
350 3739 526 3797 Doriensibus
545 3737 674 3792 Graeciae
692 3736 811 3801 Magnae
830 3736 952 3796 excepta.

355 3843 379 3912 5)
397 3843 475 3896 Hunc
498 3843 550 3895 vim
569 3839 712 3907 designant
736 3836 857 3904 epitheta
875 3828 1083 3897 fatidicus'fflv.
1103 3827 1165 3881 fast.
1183 3826 1218 3892 ll,
1242 3825 1312 3893 202),

285 3919 378 3982 fetura
396 3929 520 3997 aperiens
538 3925 632 3997 (Verg‚
652 3928 720 3978 Aen.
740 3921 787 3990 VI,
809 3920 861 3988 12),
880 3915 1063 3985 augurfflor.
1083 3929 1163 3968 carm,
1184 3911 1205 3978 Ι,
1225 3917 1248 3978 2,
1267 3917 1314 3978 02,

288 4015 347 4072 Vol.
372 4013 501 4082 liacul,
528 4019 592 4081 2343
626 4011 761 4064 Martiam·
781 4007 848 4075 Cap.
880 4004 902 4073 I,
930 4003 982 4070 10),
1008 4007 1098 4054 vatum
1123 4005 1204 4068 pater
1234 3995 1312 4064 (Stet.

286 4102 350 4156 silv.
368 4102 389 4170 I,
409 4107 433 4170 2,
453 4107 524 4168 220),
543 4105 619 4152 vates
637 4096 718 4165 (acc.)
742 4094 878 4160 inspirans
896 4087 990 4158 (Verg.
1009 4089 1076 4139 Aen.
1095 4083 1141 4152 Vl,
1162 4083 1214 4150 12),
1239 4089 1313 4174 vates

286 4187 360 4260 (var.
380 4187 471 4244 uraca
489 4184 537 4253 rv,
555 4185 628 4250 ue).

294 1655 444 1722 &manis
458 1655 594 1737 primam
610 1652 708 1720 fuisse
723 1659 832 1720 notam
846 1653 922 1720 licet
938 1656 1093 1722 conicere.
1111 1695 1113 1703 ι
1137 1657 1223 1722 Fieri
1238 1658 1337 1728 enim„

89 1717 179 1756 videtur
191 1716 269 1757 ruisse.
316 1739 318 1746 ·
