3180 4870
707 261 920 330 „33-

285 441 287 446 '
305 427 538 495 simulationem
554 431 639 496 illam
657 432 894 514 diligentissime
911 431 1142 498 dissimulabat.
1177 431 1242 498 Sed
1256 431 1335 498 haec

304 531 434 614 quidem
449 533 613 601 hactenus.

97 663 131 704 n·
148 661 286 712 reconna,
390 636 481 702 Nunc
512 657 711 720 quaeramus,
745 656 901 719 quaenam
932 655 1003 702 cum
1026 638 1173 722 Apolline
1196 639 1336 704 rationes

87 742 153 840 Ἓξ
161 729 394 838 ffifflssfflfi'
415 740 513 806 Iuliae
535 741 754 806 intercessisse
776 741 954 805 videantur.

117 867 188 908 aaa„
202 867 264 918 ,aas
389 843 492 909 Penes
527 843 624 909 Iulios
674 861 765 908 sacra
800 842 955 925 Apollinis
999 841 1096 908 luisse
1142 843 1337 916 hereditaria

147 935 228 975 mm·
304 933 484 1012 Odolredus
506 945 678 1012 Muellerus
692 943 717 1029 ¹)
750 964 788 1010 en
818 965 856 1012 eo
888 945 1027 1026 collegit,
1061 946 1146 1026 quod
1168 944 1336 1014 huiusdei

303 1049 425 1130 templa
447 1067 466 1112 a
492 1047 580 1114 Iuliis
601 1049 749 1113 dedicata
776 1049 954 1114 traduntur.
966 1041 995 1131 ²)
1041 1047 1118 1112 Post
1132 1047 1216 1114 hunc
1231 1048 1335 1114 virum

304 1152 433 1216 doctum
456 1146 709 1236 Mommsenus³)
740 1151 844 1218 eidem
873 1151 960 1232 genti
991 1151 1102 1216 eadem
1132 1169 1224 1216 sacra
1246 1150 1335 1217 dedit

303 1253 394 1320 Servi
417 1255 504 1320 nisus
525 1255 631 1320 verbis
654 1255 694 1319 ad
712 1255 804 1336 Verg.
821 1255 902 1346 Aen.
923 1262 944 1320 1.
967 1253 1006 1332 X,
1022 1273 1052 1330 v.
1075 1252 1139 1322 316
1163 1253 1333 1318 adnotatis.

302 1356 351 1422 Ibi
364 1357 448 1423 enim
460 1358 596 1440 legimus
610 1358 707 1424 haec:
722 1355 919 1439 „Caesarum
935 1356 1054 1424 familia
1068 1375 1160 1424 sacra
1175 1355 1335 1424 retinebat

185 1453 188 1461 ’
302 1460 471 1542 Apollinis,
487 1479 568 1541 quae
591 1467 624 1525 et
646 1461 716 1544 ipsa
736 1460 867 1541 publica
883 1458 1031 1526 videntur
1044 1457 1168 1550 fuisset
1214 1457 1334 1530 Facere

300 1563 398 1644 igitur
419 1581 482 1628 non
504 1581 683 1644 possumus,
712 1563 797 1646 quin,
821 1562 970 1643 qnoniam
994 1561 1158 1628 enuntiato
1181 1561 1332 1644 primario

300 1665 333 1733 id
356 1666 440 1747 quod
463 1665 683 1746 gravissimum
706 1671 755 1732 est
769 1684 828 1748 pro
846 1670 934 1730 certo
950 1665 977 1732 is
993 1662 1172 1742 affirmarit,
1189 1682 1227 1728 ea
1241 1653 1339 1731 sacra

299 1765 399 1834 fuisse
429 1769 644 1834 existimemus
673 1769 762 1850 genti
789 1767 888 1852 lubae
917 1768 1022 1848 eique,
1055 1771 1225 1848 postquam
1245 1765 1333 1832 facta

301 1875 407 1936 essent
419 1872 579 1951 gentilicia
589 1871 728 1956 publiea,
740 1870 902 1954 publicum
918 1869 1132 1935 sacerdotium
1144 1869 1332 1954 attributum

301 1991 372 2042 esse
395 1974 632 2041 hereditarium.
645 1973 670 2056 ¹¹)
716 1973 913 2056 Quamquam
944 1991 1026 2040 unus
1055 1972 1148 2038 nobis
1169 1973 1333 2039 restiterat

301 2077 480 2159 scrupulus,
495 2082 668 2158 propterea
684 2077 779 2159 quod,
796 2093 876 2157 quae
900 2076 940 2140 de
953 2075 1099 2156 Apolline
1117 2076 1333 2158 cognovimus

300 2171 374 2244 ante
389 2180 568 2262 Augustum
583 2181 623 2244 ad
639 2180 721 2244 hanc
736 2187 865 2264 gentem
881 2197 953 2244 raro
969 2179 1142 2259 pertinent.
1156 2176 1180 2259 ⁵)
1224 2177 1330 2260 Numi,

300 2300 373 2348 cum
396 2282 564 2364 Venerem,
596 2283 685 2348 cuins
707 2283 807 2348 sacris
830 2281 963 2348 eandem
994 2286 1123 2362 gentem
1144 2279 1329 2349 famulatam

230 2385 236 2396 '
279 2403 371 2461 ¹esse
400 2384 500 2452 tradit
527 2385 746 2468 Symmachus,
759 2382 787 2468 ὓ)
829 2383 1007 2454 sexcenties
1037 2379 1329 2477 repraesentent,⁷)

412 2524 444 2578 ln
463 2524 594 2578 Classical
613 2525 730 2580 Journal
747 2540 771 2578 a.
793 2531 858 2578 18111
876 2525 908 2578 Τ.
925 2525 1024 2592 XXVl,
1043 2530 1102 2578 318.

414 2609 472 2664 Llr.
491 2609 598 2678 1V,aa,
618 2619 640 2678 1,
659 2609 694 2664 cf.
713 2610 829 2666 Beckeri
847 2617 874 2665 et
891 2609 1062 2676 Marquardti
1080 2609 1184 2662 Handh.
1205 2609 1226 2676 1,
1245 2615 1303 2662 425.

308 2573 311 2580 .
371 2526 394 2593 ¹)

370 2607 395 2676 2)

368 2694 392 2764 ³)
412 2694 452 2749 De
471 2696 568 2762 colleg.
588 2703 615 2748 et
633 2694 719 2748 sodal.
735 2695 814 2750 Rom.
832 2711 859 2763 p.
881 2704 918 2748 11.

370 2779 395 2847 ⁴)
414 2781 458 2834 Ex
477 2779 555 2834 Ovidi
572 2781 683 2838 Metam.
700 2780 760 2846 XV,
779 2786 837 2849 874,
857 2779 903 2834 ubi
921 2779 1050 2850 scriptum
1068 2777 1202 2834 videmus:

437 2871 485 2932 „et
503 2881 562 2919 cum
580 2865 713 2921 Caesarea
730 2873 768 2934 tu,
786 2865 899 2919 Phoebe
918 2863 1071 2932 domestice,
1089 2865 1201 2932 Vesta,“
1256 2854 1259 2858 ’

300 2965 365 3006 eave
384 2950 529 3018 quidquam
557 2951 679 3019 colligas,
707 2955 771 3018 qula
799 2951 843 3004 his
861 2951 1023 3018 numinibus,
1052 2951 1153 3018 quippe
1181 2963 1250 3016 quae
1278 2965 1332 3004 una

300 3052 360 3092 enm
379 3040 500 3104 Augusto
526 3038 554 3090 in
581 3045 671 3092 monte
696 3037 824 3092 Palatino
855 3037 1023 3104 habitarent,
1050 3043 1132 3100 poeto
1160 3035 1257 3092 tribuit
1282 3037 1332 3092 illa

302 3124 472 3190 tegumina.
509 3123 568 3178 Hoc
586 3122 657 3178 idem
674 3123 836 3178 mouendum
853 3122 922 3176 duco
946 3121 980 3176 de
998 3123 1065 3176 Stat.
1085 3121 1151 3175 Silr.
1171 3121 1217 3189 lV,
1236 3127 1260 3190 8,
1279 3137 1332 3188 qno

299 3209 328 3263 in
346 3208 464 3266 carmine
492 3208 584 3278 lulio
601 3209 750 3264 Menecrati
776 3208 907 3278 inscripto
933 3208 1047 3276 legimus
1076 3224 1102 3263 v.
1124 3214 1167 3261 19:

432 3297 435 3302 '
539 3297 585 3360 „e't
602 3295 706 3362 patrius
724 3295 815 3347 lauros
833 3295 968 3362 promittit
985 3293 1114 3361 Apollo.“

299 3378 421 3434 Patrium
441 3379 598 3447 Apollinem
618 3379 656 3433 ibi
681 3379 797 3434 eundum
820 3393 877 3433 esse
905 3385 987 3446 atque
1009 3375 1177 3434 Ἀπόλλωνα
1195 3379 1325 3451 πατρῷον

300 3471 376 3531 patet
394 3477 427 3517 ex
445 3479 469 3519 v.
490 3471 523 3518 45
541 3479 631 3531 seqq:

454 3549 508 3618 „Di
524 3551 619 3672 gatrii,
638 3565 706 3618 quos
724 3551 844 3632 auguria
863 3591 870 3606 .
942 3593 948 3605 .
987 3621 992 3632 ι

455 3619 504 3688 Tu,
543 3626 620 3672 uctor
638 3620 734 3688 popuh
753 3619 834 3686 longe
852 3627 1016 3686 emigramus,
1035 3620 1137 3688 Apollo
1157 3663 1163 3674 .
1184 3664 1189 3675 .
1211 3663 1217 3676 .

455 3685 512 3740 Hos
530 3687 688 3756 complebo
706 3701 755 3741 sua
772 3687 857 3755 patrii
875 3694 982 3741 servate
999 3688 1143 3745 Penates.“

369 3772 393 3840 5)
412 3771 591 3839 Praecipuum
627 3773 655 3826 in
689 3773 765 3825 cultu
796 3772 935 3839 Apollinis
974 3789 1066 3826 curam
1106 3773 1332 3842 diligentiamque

300 3857 466 3914 adhibebant
484 3859 602 3926 Aemilii,
624 3873 649 3911 v.
675 3858 806 3926 Vaillrnt,
829 3858 984 3914 numilem.
1004 3859 1081 3914 Rom.
1100 3859 1121 3928 Ι,
1141 3866 1176 3920 at,
1191 3867 1220 3914 et
1237 3867 1282 3927 473
1301 3859 1331 3913 Ο.

301 3943 324 4002 1.
342 3945 377 3999 1..
395 3945 418 4011 l,
438 3950 502 4008 4423
520 3945 577 3999 Lir.
595 3945 655 4014 XL,
674 3953 716 4001 51.

369 4029 394 4100 6)
414 4030 513 4100 Symm.
532 4030 618 4084 Laud.
636 4032 664 4086 in
682 4031 820 4086 Valentio.
839 4047 941 4099 semp.
961 4037 992 4086 29
1012 4033 1102 4102 (Mai).

369 4116 393 4184 ⁷)
412 4116 520 4171 Eclrhel
538 4116 572 4170 D.
590 4116 625 4170 N.
644 4115 676 4183 V,
689 4123 753 4186 2283
775 4118 868 4173 Riccio
881 4119 899 4172 l.
917 4133 941 4172 c.
956 4123 1003 4172 103
1022 4133 1096 4186 seqq.
1108 4136 1115 4187 ;
1129 4117 1209 4174 Thes.
1222 4116 1330 4172 Morell.

300 4205 328 4256 iu
348 4218 373 4269 g.
393 4201 444 4255 Iul.
463 4201 519 4255 tab.
538 4209 562 4268 4,
582 4200 644 4271 111.;
668 4202 770 4272 Cohen,
788 4203 859 4258 Med.
883 4219 957 4259 cons.
976 4204 1013 4272 pl.
1036 4205 1096 4272 XX,
1115 4189 1165 4258 lul.
1196 4209 1237 4270 1²3
1267 4203 1331 4255 Bor·

301 4288 378 4354 gbesi
396 4301 438 4354 op.
458 4290 479 4355 l,
500 4295 555 4342 123.
