3180 4870
657 339 883 403 ·..-e-

364 509 452 588 Quae
486 528 557 575 cum
587 529 649 575 non
678 509 839 575 offendant
869 503 1127 588 Hartungium,¹)
1152 504 1300 572 Saobsius

278 611 456 678 difficultati
489 612 535 676 ita
556 613 664 678 studet
687 613 824 692 mederi,
854 616 890 675 ut
911 611 996 676 idem
1018 608 1171 691 templum
1194 610 1297 674 denuo

274 715 489 780 dedicandum
511 713 608 781 fuisse
629 713 781 795 affirmet,
814 719 985 796 propterea
1007 712 1091 794 quod
1106 717 1201 776 antea
1223 730 1294 778 con·

277 817 327 884 sul
350 818 482 882 absente
506 817 628 898 collega
658 819 725 884 siue
748 823 834 884 sorte
857 817 1045 882 dedicasset.
1097 814 1192 880 Putat
1214 814 1297 881 enim

276 921 385 1003 priore
408 920 463 984 illa
484 920 683 986 dedicatione
705 921 851 986 instituta
872 920 1021 1000 legesque
1043 925 1077 984 et
1091 917 1299 984 caerimonias

277 1041 347 1089 esse
362 1023 475 1103 laesas,
499 1028 531 1086 et
545 1029 716 1104 propterea
731 1041 811 1105 opus
832 1021 928 1088 fuisse
943 1023 1044 1086 altera
1058 1021 1267 1087 dedicatione.
1273 1014 1298 1099 ²)

279 1125 377 1205 Quae,
408 1127 467 1192 etsi
488 1123 747 1210 Ambroschiua³)
780 1125 911 1191 Sachsio
941 1126 1122 1206 assentitur,
1153 1125 1299 1207 equidem

278 1247 341 1294 non
364 1223 497 1310 probem
519 1231 603 1312 quod
626 1247 816 1311 quamquam
838 1246 948 1315 omnes
972 1228 1198 1305 dedicationes,
1221 1245 1298 1309 quas

277 1332 317 1396 ab
341 1332 441 1398 altero
466 1333 595 1400 consule
618 1333 749 1398 absente
780 1332 902 1413 collega
927 1331 995 1397 sine
1024 1337 1111 1397 sorte
1133 1337 1298 1412 susceptas

278 1452 347 1502 esse
370 1437 495 1516 scimus,
523 1455 586 1501 non
608 1437 769 1519 pertinent
790 1435 850 1500 nisi
880 1435 921 1499 ad
942 1441 1088 1517 tempora
1108 1431 1222 1499 fabulis
1246 1452 1300 1499 ex·

278 1536 430 1618 omata,⁴)
467 1539 600 1606 absente
631 1539 732 1603 altero
763 1537 892 1603 consule
923 1542 995 1602 uter
1024 1538 1187 1604 dedicaret
1213 1544 1299 1605 sorte
1350 1591 1355 1606 ,

278 1659 340 1706 ιιοιι
364 1642 597 1707 decernendum
613 1641 710 1708 luisse
731 1642 807 1708 licet
829 1643 985 1706 conicere.
1021 1641 1132 1722 Neque
1148 1643 1226 1708 haec
1248 1643 1300 1708 via

280 1751 329 1810 est
351 1746 498 1826 petenda,
529 1753 565 1810 ut
588 1746 729 1810 dicamus
759 1743 826 1809 fieri
848 1745 1004 1826 potuisse,
1035 1750 1080 1824 ut,
1104 1747 1156 1826 qui
1178 1745 1299 1833 Romae

279 1848 446 1913 mansisset
467 1849 591 1931 consul,
625 1849 834 1914 exstruendae
864 1848 951 1913 aedis
980 1846 1119 1914 officium
1141 1848 1300 1931 reciperet

279 1956 312 2014 et
333 1950 393 2014 hac
416 1951 456 2015 de
484 1969 580 2017 causa
608 1943 776 2017 dedicandi
799 1970 923 2033 quoque
945 1954 994 2018 ius
1016 1953 1164 2030 haberet3
1196 1969 1299 2032 neque

279 2058 336 2127 est,
371 2072 428 2118 cur
456 2055 595 2135 priorem
627 2056 713 2120 illam
744 2057 976 2122 dedicationem
1005 2055 1179 2137 legitimam
1201 2055 1298 2122 fiusse

278 2173 439 2235 negemus

365 2275 468 2340 Aliter
496 2282 591 2359 atque
622 2277 769 2344 Sachsius
797 2297 864 2344 rem
895 2279 1053 2362 explicant
1077 2279 1258 2344 ¹Kluuseuus
1271 2277 1297 2360 ⁶)

277 2384 312 2444 et
335 2379 623 2460 Weissenbomius3
638 2378 662 2460 6)
697 2381 837 2447 deletum
866 2384 949 2448 enim
979 2388 1093 2464 putant
1116 2401 1184 2448 esso
1208 2388 1299 2448 vetus
1363 2455 1366 2462 ‚

276 2483 354 2549 illud
376 2483 547 2565 templum„
579 2503 650 2548 cum
682 2483 763 2549 Galli
791 2485 908 2550 Urbem
939 2485 1170 2565 incendissent,
1204 2495 1299 2567 atque
1363 2479 1373 2502 ⁴

277 2587 389 2654 eodem
412 2587 482 2652 loco
498 2588 602 2652 denuo
621 2607 690 2652 esse
707 2594 901 2654 exstructum
919 2595 952 2654 et
968 2589 1156 2654 dedicatum.
1196 2589 1298 2666 Quam

347 2807 370 2875 1)
387 2808 516 2876 Religion
535 2808 560 2862 d.
578 2810 679 2864 Rbmer
696 2811 732 2875 Il,
751 2810 809 2864 205.

344 2908 368 2978 ²)
387 2911 420 2964 of.
433 2917 580 2978 quaesunt
594 2915 623 2967 in
634 2913 732 2968 Saohsi
750 2913 919 2969 Geschichte
937 2914 987 2968 dor
998 2913 1078 2970 Stadt
1086 2914 1154 2969 Rom
1172 2915 1211 2982 (p.
1221 2912 1299 2983 357)ι

277 2995 395 3064 „Diesor
412 2998 529 3064 Tempel
547 3039 552 3050 .
573 3039 578 3050 .
598 3040 604 3052 .
628 3000 721 3054 wurde
746 3017 799 3054 von
817 3001 846 3056 O.
864 3001 956 3056 Julius
974 3002 1071 3056 Manto
1095 3001 1124 3054 in
1150 3001 1299 3055 Abwosen·

277 3080 341 3152 heit,
354 3084 446 3137 seinos
460 3084 592 3152 Collegen
606 3085 752 3152 Quinctius
762 3086 874 3141 Pennus
886 3087 1076 3152 Cincinnatus,
1096 3087 1152 3142 und
1164 3086 1236 3142 ohne
1254 3103 1299 3140 um
1408 3158 1410 3166 Ι

277 3165 352 3221 diese
370 3167 446 3222 Ehre
465 3170 571 3236 geloost
595 3188 630 3224 zu
647 3172 752 3240 haben,
778 3173 962 3240 eingeweiht,
977 3173 1039 3226 eine
1056 3171 1227 3240 Verletzung
1251 3171 1300 3227 der

275 3252 448 3319 Verfassung
472 3255 527 3309 und
552 3255 675 3324 heiligen
702 3257 864 3312 Gebrtuche
884 3301 888 3309 .
909 3301 913 3310 .
935 3298 955 3322 .,
980 3257 1024 3312 die
1044 3301 1049 3311 .
1069 3301 1074 3311 .
1095 3300 1100 3310 .
1120 3260 1182 3313 eine
1201 3259 1299 3313 aweite

274 3339 462 3408 Einweihung
480 3342 579 3408 ndthig
596 3342 724 3409 gemacht
742 3360 777 3397 zu
795 3342 885 3397 haben
904 3344 1042 3398 scheint‘·

343 3441 368 3511 ³)
387 3443 502 3498 Studien
521 3444 577 3498 und
596 3443 801 3513 Andautungen
824 3447 861 3499 im
881 3447 980 3501 Gabiet
998 3445 1045 3501 des
1064 3448 1171 3501 altrbm.
1189 3444 1299 3503 Bodens

276 3528 332 3582 und
351 3528 450 3582 Cultus
468 3531 488 3597 I,
508 3530 566 3584 171.

343 3630 368 3700 ⁴)
386 3633 499 3686 Praeter
523 3633 738 3701 dedicationem,
766 3633 800 3688 de
818 3651 872 3701 qua
890 3637 988 3703 agitur,
1008 3635 1102 3691 eodem
1126 3635 1204 3690 modo
1223 3636 1299 3692 dedi·

276 3724 367 3772 catum
386 3733 449 3772 esse
474 3719 593 3774 traditur
611 3736 634 3774 a.
653 3719 764 3788 261l493
782 3721 875 3790 (Dion.
889 3721 945 3775 Hal
969 3721 1015 3792 Vl,
1033 3722 1080 3792 94)
1099 3731 1127 3778 et
1145 3740 1168 3778 a.
1187 3723 1299 3787 auertet

276 3802 352 3865 libid.
369 3804 415 3871 lX,
433 3805 489 3871 60).
534 3806 669 3860 Consules
688 3807 754 3859 anni
772 3806 883 3872 aristot
910 3815 973 3862 uter
990 3807 1131 3863 dedicaret
1149 3809 1297 3863 sortientes

276 3886 345 3942 facit
361 3888 459 3943 Livius
478 3890 524 3958 (ll,
540 3889 564 3958 8,
575 3891 612 3958 6),
631 3906 693 3944 cum
711 3891 861 3946 secundum
879 3893 1042 3961 Dionysium
1061 3893 1106 3963 (V,
1117 3895 1162 3964 35)
1181 3895 1299 3948 absente

276 3973 383 4041 collega
410 3981 438 4028 et
462 3975 535 4029 haud
563 3976 646 4030 dubie
673 3978 734 4030 sine
757 3987 831 4033 sorte
857 3980 928 4033 alter
947 3980 1043 4034 consul
1061 3978 1237 4047 dedicaverit,
1263 3979 1298 4034 el.

274 4059 439 4114 Mommseni
456 4061 532 4115 Rdm.
553 4062 730 4117 Staatsreeht
749 4063 793 4132 ¹12,
813 4065 836 4133 1,
855 4065 905 4120 601

343 4161 368 4231 ὁ)
386 4164 496 4218 Aeneas
514 4183 541 4220 u.
560 4166 605 4220 die
623 4167 745 4222 Penaten
764 4167 817 4236 (ΙΙ)
836 4185 861 4236 p.
881 4169 955 4223 1100.

345 4265 370 4326 θ)
388 4267 432 4320 Ad
449 4269 510 4322 Liv.
528 4268 590 4335 Vll,
608 4269 650 4338 20,
669 4269 693 4323 9.
