<?xml version="1.0" encoding="UTF-8"?>
<!DOCTYPE html PUBLIC "-//W3C//DTD XHTML 1.0 Transitional//EN"
    "http://www.w3.org/TR/xhtml1/DTD/xhtml1-transitional.dtd">
<html xmlns="http://www.w3.org/1999/xhtml" xml:lang="en" lang="en">
 <head>
  <title>
</title>
<meta http-equiv="Content-Type" content="text/html;charset=utf-8" />
  <meta name='ocr-system' content='tesseract 3.04.00' />
  <meta name='ocr-capabilities' content='ocr_page ocr_carea ocr_par ocr_line ocrx_word'/>
</head>
<body>
  <div class='ocr_page' id='page_1' title='image "./deapollinisapud00heckgoog_0058.png"; bbox 0 0 3180 4870; ppageno 0'>
   <div class='ocr_carea' id='block_1_1' title="bbox 676 294 888 360">
    <p class='ocr_par' dir='ltr' id='par_1_1' title="bbox 676 294 888 360">
     <span class='ocr_line' id='line_1_1' title="bbox 676 294 888 360; baseline -0.014 -15"><span class='ocrx_word' id='word_1_1' title='bbox 676 294 888 360; x_wconf 76' lang='lat'>-51..</span> 
     </span>
    </p>
   </div>
   <div class='ocr_carea' id='block_1_2' title="bbox 264 465 1292 757">
    <p class='ocr_par' dir='ltr' id='par_1_2' title="bbox 264 465 1292 757">
     <span class='ocr_line' id='line_1_2' title="bbox 264 465 1289 538; baseline -0.001 -2"><span class='ocrx_word' id='word_1_2' title='bbox 264 469 350 538; x_wconf 84' lang='lat' dir='ltr'><strong>lecto</strong></span> <span class='ocrx_word' id='word_1_3' title='bbox 365 486 432 534; x_wconf 87' lang='lat' dir='ltr'><strong>rorn</strong></span> <span class='ocrx_word' id='word_1_4' title='bbox 447 467 494 534; x_wconf 89' lang='lat' dir='ltr'><strong>ita</strong></span> <span class='ocrx_word' id='word_1_5' title='bbox 508 487 578 536; x_wconf 86' lang='lat' dir='ltr'><strong>sese</strong></span> <span class='ocrx_word' id='word_1_6' title='bbox 593 467 711 534; x_wconf 84' lang='lat' dir='ltr'><strong>babere</strong></span> <span class='ocrx_word' id='word_1_7' title='bbox 734 466 815 532; x_wconf 87' lang='lat' dir='ltr'><strong>duae</strong></span> <span class='ocrx_word' id='word_1_8' title='bbox 831 483 883 530; x_wconf 90' lang='lat' dir='ltr'><strong>res</strong></span> <span class='ocrx_word' id='word_1_9' title='bbox 897 465 1126 531; x_wconf 89' lang='lat' dir='ltr'><strong>demonstrant.</strong></span> <span class='ocrx_word' id='word_1_10' title='bbox 1149 465 1289 536; x_wconf 87' lang='lat' dir='ltr'><strong>Primum</strong></span> 
     </span>
     <span class='ocr_line' id='line_1_3' title="bbox 266 567 1291 676; baseline -0.004 -36"><span class='ocrx_word' id='word_1_11' title='bbox 266 574 350 640; x_wconf 92' lang='lat' dir='ltr'><strong>euim</strong></span> <span class='ocrx_word' id='word_1_12' title='bbox 380 570 485 676; x_wconf 82' lang='lat' dir='ltr'><strong>edicto</strong></span> <span class='ocrx_word' id='word_1_13' title='bbox 519 589 630 638; x_wconf 90' lang='lat' dir='ltr'><strong>eornm</strong></span> <span class='ocrx_word' id='word_1_14' title='bbox 652 570 798 636; x_wconf 87' lang='lat' dir='ltr'><strong>ludorum</strong></span> <span class='ocrx_word' id='word_1_15' title='bbox 816 567 1040 657; x_wconf 75' lang='lat' dir='ltr'><strong>¹saecularium</strong></span> <span class='ocrx_word' id='word_1_16' title='bbox 1079 586 1171 644; x_wconf 86' lang='lat' dir='ltr'><strong>anno,</strong></span> <span class='ocrx_word' id='word_1_17' title='bbox 1211 588 1291 652; x_wconf 87' lang='lat' dir='ltr'><strong>quoa</strong></span> 
     </span>
     <span class='ocr_line' id='line_1_4' title="bbox 266 669 1292 757; baseline 0 -17"><span class='ocrx_word' id='word_1_18' title='bbox 266 673 440 746; x_wconf 84' lang='lat' dir='ltr'><strong>celebravit</strong></span> <span class='ocrx_word' id='word_1_19' title='bbox 471 675 642 757; x_wconf 80' lang='lat' dir='ltr'><strong>Angustus,</strong></span> <span class='ocrx_word' id='word_1_20' title='bbox 681 672 745 738; x_wconf 88' lang='lat' dir='ltr'><strong>doli</strong></span> <span class='ocrx_word' id='word_1_21' title='bbox 782 671 900 753; x_wconf 90' lang='lat' dir='ltr'><strong>aliquid</strong></span> <span class='ocrx_word' id='word_1_22' title='bbox 934 669 1052 736; x_wconf 88' lang='lat' dir='ltr'><strong>subest.</strong></span> <span class='ocrx_word' id='word_1_23' title='bbox 1107 670 1188 736; x_wconf 90' lang='lat' dir='ltr'><strong>Nam</strong></span> <span class='ocrx_word' id='word_1_24' title='bbox 1220 691 1292 740; x_wconf 85' lang='lat' dir='ltr'><strong>cunr</strong></span> 
     </span>
    </p>
   </div>
   <div class='ocr_carea' id='block_1_3' title="bbox 265 772 1294 1068">
    <p class='ocr_par' dir='ltr' id='par_1_3' title="bbox 265 772 1294 1068">
     <span class='ocr_line' id='line_1_5' title="bbox 265 772 1294 860; baseline 0 -18"><span class='ocrx_word' id='word_1_25' title='bbox 265 776 426 860; x_wconf 83' lang='lat' dir='ltr'><strong>proximos</strong></span> <span class='ocrx_word' id='word_1_26' title='bbox 455 797 482 845; x_wconf 88' lang='lat' dir='ltr'><strong>a.</strong></span> <span class='ocrx_word' id='word_1_27' title='bbox 505 775 642 849; x_wconf 79' lang='grc'><strong>6061149</strong></span> <span class='ocrx_word' id='word_1_28' title='bbox 672 778 722 842; x_wconf 85' lang='lat' dir='ltr'><strong>vel</strong></span> <span class='ocrx_word' id='word_1_29' title='bbox 744 793 772 842; x_wconf 90' lang='lat' dir='ltr'><strong>a.</strong></span> <span class='ocrx_word' id='word_1_30' title='bbox 796 773 932 860; x_wconf 78' lang='grc'><strong>6081146</strong></span> <span class='ocrx_word' id='word_1_31' title='bbox 954 773 1057 841; x_wconf 90' lang='lat' dir='ltr'><strong>editos</strong></span> <span class='ocrx_word' id='word_1_32' title='bbox 1078 772 1174 840; x_wconf 87' lang='lat' dir='ltr'><strong>luisse</strong></span> <span class='ocrx_word' id='word_1_33' title='bbox 1196 794 1294 858; x_wconf 89' lang='lat' dir='ltr'><strong>supra</strong></span> 
     </span>
     <span class='ocr_line' id='line_1_6' title="bbox 266 877 1293 961; baseline -0.002 -15"><span class='ocrx_word' id='word_1_34' title='bbox 266 881 457 961; x_wconf 89' lang='lat' dir='ltr'><strong>viderimus,</strong></span> <span class='ocrx_word' id='word_1_35' title='bbox 488 879 546 946; x_wconf 86' lang='lat' dir='ltr'><strong>XV</strong></span> <span class='ocrx_word' id='word_1_36' title='bbox 579 879 639 944; x_wconf 86' lang='lat' dir='ltr'><strong>viri</strong></span> <span class='ocrx_word' id='word_1_37' title='bbox 671 878 704 944; x_wconf 93' lang='lat' dir='ltr'><strong>in</strong></span> <span class='ocrx_word' id='word_1_38' title='bbox 735 877 970 942; x_wconf 89' lang='lat' dir='ltr'><strong>commentariis</strong></span> <span class='ocrx_word' id='word_1_39' title='bbox 998 877 1151 943; x_wconf 84' lang='lat' dir='ltr'><strong>tenebant</strong></span> <span class='ocrx_word' id='word_1_40' title='bbox 1176 896 1293 944; x_wconf 89' lang='lat' dir='ltr'><strong>annum</strong></span> 
     </span>
     <span class='ocr_line' id='line_1_7' title="bbox 267 979 1293 1068; baseline -0.004 -16"><span class='ocrx_word' id='word_1_41' title='bbox 267 981 414 1068; x_wconf 90' lang='grc'><strong>6281126,</strong></span> <span class='ocrx_word' id='word_1_42' title='bbox 422 1001 485 1066; x_wconf 90' lang='lat' dir='ltr'><strong>qno</strong></span> <span class='ocrx_word' id='word_1_43' title='bbox 495 981 631 1048; x_wconf 77' lang='lat' dir='ltr'><strong>iomnsse</strong></span> <span class='ocrx_word' id='word_1_44' title='bbox 639 980 800 1063; x_wconf 84' lang='lat' dir='ltr'><strong>piaculum</strong></span> <span class='ocrx_word' id='word_1_45' title='bbox 812 984 844 1044; x_wconf 93' lang='lat' dir='ltr'><strong>et</strong></span> <span class='ocrx_word' id='word_1_46' title='bbox 856 979 989 1044; x_wconf 88' lang='lat' dir='ltr'><strong>lustrum</strong></span> <span class='ocrx_word' id='word_1_47' title='bbox 1003 979 1131 1062; x_wconf 84' lang='lat' dir='ltr'><strong>aliquod</strong></span> <span class='ocrx_word' id='word_1_48' title='bbox 1140 980 1293 1048; x_wconf 89' lang='lat' dir='ltr'><strong>sollemne</strong></span> 
     </span>
    </p>
   </div>
   <div class='ocr_carea' id='block_1_4' title="bbox 149 1078 1295 1170">
    <p class='ocr_par' dir='ltr' id='par_1_4' title="bbox 149 1078 1295 1170">
     <span class='ocr_line' id='line_1_8' title="bbox 149 1078 1295 1170; baseline 0.001 -19"><span class='ocrx_word' id='word_1_49' title='bbox 149 1125 156 1140; x_wconf 41' lang='grc' dir='ltr'>κ</span> <span class='ocrx_word' id='word_1_50' title='bbox 266 1086 376 1170; x_wconf 92' lang='lat' dir='ltr'><strong>populi</strong></span> <span class='ocrx_word' id='word_1_51' title='bbox 398 1085 532 1150; x_wconf 87' lang='lat' dir='ltr'><strong>Romani</strong></span> <span class='ocrx_word' id='word_1_52' title='bbox 563 1088 633 1150; x_wconf 88' lang='lat' dir='ltr'><strong>erat</strong></span> <span class='ocrx_word' id='word_1_53' title='bbox 662 1082 791 1148; x_wconf 84' lang='lat' dir='ltr'><strong>facturn.</strong></span> <span class='ocrx_word' id='word_1_54' title='bbox 804 1078 827 1160; x_wconf 90' lang='lat'><strong>¹)</strong></span> <span class='ocrx_word' id='word_1_55' title='bbox 882 1079 1015 1147; x_wconf 89' lang='lat' dir='ltr'><strong>Invento</strong></span> <span class='ocrx_word' id='word_1_56' title='bbox 1044 1082 1151 1163; x_wconf 85' lang='lat' dir='ltr'><strong>igitur,</strong></span> <span class='ocrx_word' id='word_1_57' title='bbox 1184 1090 1221 1150; x_wconf 90' lang='lat' dir='ltr'><strong>ut</strong></span> <span class='ocrx_word' id='word_1_58' title='bbox 1248 1084 1295 1152; x_wconf 84' lang='lat' dir='ltr'><strong>ita</strong></span> 
     </span>
    </p>
   </div>
   <div class='ocr_carea' id='block_1_5' title="bbox 266 1183 1335 3325">
    <p class='ocr_par' dir='ltr' id='par_1_5' title="bbox 266 1183 1335 3325">
     <span class='ocr_line' id='line_1_9' title="bbox 267 1183 1293 1273; baseline 0.001 -18"><span class='ocrx_word' id='word_1_59' title='bbox 267 1191 381 1270; x_wconf 86' lang='lat' dir='ltr'><strong>dicam,</strong></span> <span class='ocrx_word' id='word_1_60' title='bbox 416 1187 556 1267; x_wconf 81' lang='lat' dir='ltr'><strong>exordio,</strong></span> <span class='ocrx_word' id='word_1_61' title='bbox 591 1192 627 1250; x_wconf 91' lang='lat' dir='ltr'><strong>nt</strong></span> <span class='ocrx_word' id='word_1_62' title='bbox 656 1184 738 1270; x_wconf 89' lang='lat' dir='ltr'><strong>ratio</strong></span> <span class='ocrx_word' id='word_1_63' title='bbox 761 1183 1031 1268; x_wconf 78' lang='lat' dir='ltr'><strong>appropinquaret</strong></span> <span class='ocrx_word' id='word_1_64' title='bbox 1063 1203 1144 1253; x_wconf 90' lang='lat' dir='ltr'><strong>anno</strong></span> <span class='ocrx_word' id='word_1_65' title='bbox 1168 1184 1293 1273; x_wconf 87' lang='grc'><strong>737117,</strong></span> 
     </span>
     <span class='ocr_line' id='line_1_10' title="bbox 267 1280 1335 1376; baseline -0.001 -17"><span class='ocrx_word' id='word_1_66' title='bbox 267 1311 329 1376; x_wconf 91' lang='lat' dir='ltr'><strong>quo</strong></span> <span class='ocrx_word' id='word_1_67' title='bbox 351 1288 417 1356; x_wconf 91' lang='lat' dir='ltr'><strong>ludi</strong></span> <span class='ocrx_word' id='word_1_68' title='bbox 440 1289 544 1356; x_wconf 91' lang='lat' dir='ltr'><strong>denno</strong></span> <span class='ocrx_word' id='word_1_69' title='bbox 566 1287 698 1370; x_wconf 82' lang='lat' dir='ltr'><strong>fierent,</strong></span> <span class='ocrx_word' id='word_1_70' title='bbox 729 1287 858 1354; x_wconf 89' lang='lat' dir='ltr'><strong>oracula</strong></span> <span class='ocrx_word' id='word_1_71' title='bbox 879 1287 1032 1370; x_wconf 86' lang='lat' dir='ltr'><strong>Sibyllina</strong></span> <span class='ocrx_word' id='word_1_72' title='bbox 1053 1294 1086 1353; x_wconf 92' lang='lat' dir='ltr'><strong>et</strong></span> <span class='ocrx_word' id='word_1_73' title='bbox 1107 1288 1176 1353; x_wconf 89' lang='lat' dir='ltr'><strong>XV</strong></span> <span class='ocrx_word' id='word_1_74' title='bbox 1198 1290 1292 1368; x_wconf 80' lang='lat' dir='ltr'><strong>viros,</strong></span> <span class='ocrx_word' id='word_1_75' title='bbox 1332 1280 1335 1286; x_wconf 69' lang='grc'><strong>’</strong></span> 
     </span>
     <span class='ocr_line' id='line_1_11' title="bbox 267 1390 1293 1478; baseline -0.003 -16"><span class='ocrx_word' id='word_1_76' title='bbox 267 1413 401 1478; x_wconf 88' lang='lat' dir='ltr'><strong>quorum</strong></span> <span class='ocrx_word' id='word_1_77' title='bbox 424 1393 578 1476; x_wconf 85' lang='lat' dir='ltr'><strong>magister</strong></span> <span class='ocrx_word' id='word_1_78' title='bbox 600 1398 670 1458; x_wconf 84' lang='lat' dir='ltr'><strong>eret</strong></span> <span class='ocrx_word' id='word_1_79' title='bbox 691 1390 867 1472; x_wconf 85' lang='lat' dir='ltr'><strong>Augustus,</strong></span> <span class='ocrx_word' id='word_1_80' title='bbox 901 1391 1049 1472; x_wconf 83' lang='lat' dir='ltr'><strong>evulgare</strong></span> <span class='ocrx_word' id='word_1_81' title='bbox 1071 1410 1201 1458; x_wconf 90' lang='lat' dir='ltr'><strong>necesse</strong></span> <span class='ocrx_word' id='word_1_82' title='bbox 1224 1391 1293 1476; x_wconf 87' lang='lat' dir='ltr'><strong>init,</strong></span> 
     </span>
     <span class='ocr_line' id='line_1_12' title="bbox 268 1494 1292 1577; baseline -0.004 -13"><span class='ocrx_word' id='word_1_83' title='bbox 268 1497 308 1564; x_wconf 90' lang='lat' dir='ltr'><strong>ab</strong></span> <span class='ocrx_word' id='word_1_84' title='bbox 337 1497 428 1564; x_wconf 90' lang='lat' dir='ltr'><strong>initio</strong></span> <span class='ocrx_word' id='word_1_85' title='bbox 459 1496 543 1562; x_wconf 89' lang='lat' dir='ltr'><strong>inter</strong></span> <span class='ocrx_word' id='word_1_86' title='bbox 572 1495 712 1577; x_wconf 86' lang='lat' dir='ltr'><strong>singulos</strong></span> <span class='ocrx_word' id='word_1_87' title='bbox 733 1494 825 1559; x_wconf 89' lang='lat' dir='ltr'><strong>ludos</strong></span> <span class='ocrx_word' id='word_1_88' title='bbox 848 1494 986 1576; x_wconf 85' lang='lat' dir='ltr'><strong>spatium</strong></span> <span class='ocrx_word' id='word_1_89' title='bbox 1007 1494 1142 1562; x_wconf 87' lang='lat' dir='ltr'><strong>iacuisse</strong></span> <span class='ocrx_word' id='word_1_90' title='bbox 1165 1500 1292 1562; x_wconf 89' lang='lat' dir='ltr'><strong>centum</strong></span> 
     </span>
     <span class='ocr_line' id='line_1_13' title="bbox 268 1594 1296 1680; baseline -0.001 -13"><span class='ocrx_word' id='word_1_91' title='bbox 268 1606 302 1668; x_wconf 90' lang='lat' dir='ltr'><strong>et</strong></span> <span class='ocrx_word' id='word_1_92' title='bbox 331 1602 442 1668; x_wconf 86' lang='lat' dir='ltr'><strong>decern</strong></span> <span class='ocrx_word' id='word_1_93' title='bbox 472 1617 636 1665; x_wconf 89' lang='lat' dir='ltr'><strong>annorum.</strong></span> <span class='ocrx_word' id='word_1_94' title='bbox 693 1596 764 1676; x_wconf 82' lang='lat' dir='ltr'><strong>Quo</strong></span> <span class='ocrx_word' id='word_1_95' title='bbox 792 1594 993 1676; x_wconf 86' lang='lat' dir='ltr'><strong>factumest,</strong></span> <span class='ocrx_word' id='word_1_96' title='bbox 1026 1603 1062 1662; x_wconf 92' lang='lat' dir='ltr'><strong>ut</strong></span> <span class='ocrx_word' id='word_1_97' title='bbox 1084 1598 1150 1662; x_wconf 93' lang='lat' dir='ltr'><strong>ludi</strong></span> <span class='ocrx_word' id='word_1_98' title='bbox 1172 1599 1296 1680; x_wconf 82' lang='lat' dir='ltr'><strong>priores</strong></span> 
     </span>
     <span class='ocr_line' id='line_1_14' title="bbox 266 1697 1296 1788; baseline -0.002 -18"><span class='ocrx_word' id='word_1_99' title='bbox 266 1705 300 1770; x_wconf 92' lang='lat' dir='ltr'><strong>in</strong></span> <span class='ocrx_word' id='word_1_100' title='bbox 333 1701 569 1772; x_wconf 85' lang='lat' dir='ltr'><strong>commentariis</strong></span> <span class='ocrx_word' id='word_1_101' title='bbox 608 1699 677 1765; x_wconf 90' lang='lat' dir='ltr'><strong>XV</strong></span> <span class='ocrx_word' id='word_1_102' title='bbox 719 1699 857 1766; x_wconf 83' lang='lat' dir='ltr'><strong>virorum</strong></span> <span class='ocrx_word' id='word_1_103' title='bbox 897 1702 987 1766; x_wconf 88' lang='lat' dir='ltr'><strong>cuuis</strong></span> <span class='ocrx_word' id='word_1_104' title='bbox 1023 1701 1258 1768; x_wconf 84' lang='lat' dir='ltr'><strong>ascriberentur</strong></span> <span class='ocrx_word' id='word_1_105' title='bbox 1269 1697 1296 1788; x_wconf 87' lang='lat'><strong>²)</strong></span> 
     </span>
     <span class='ocr_line' id='line_1_15' title="bbox 267 1798 1295 1893; baseline -0.002 -19"><span class='ocrx_word' id='word_1_106' title='bbox 267 1805 415 1893; x_wconf 82' lang='grc'><strong>2981456,</strong></span> <span class='ocrx_word' id='word_1_107' title='bbox 450 1799 597 1889; x_wconf 80' lang='grc'><strong>4081346,</strong></span> <span class='ocrx_word' id='word_1_108' title='bbox 634 1798 780 1887; x_wconf 80' lang='grc'><strong>6181236.</strong></span> <span class='ocrx_word' id='word_1_109' title='bbox 840 1800 906 1866; x_wconf 84' lang='lat' dir='ltr'><strong>Cur</strong></span> <span class='ocrx_word' id='word_1_110' title='bbox 939 1807 1045 1868; x_wconf 86' lang='lat' dir='ltr'><strong>autern</strong></span> <span class='ocrx_word' id='word_1_111' title='bbox 1077 1804 1144 1868; x_wconf 93' lang='lat' dir='ltr'><strong>ludi</strong></span> <span class='ocrx_word' id='word_1_112' title='bbox 1176 1823 1240 1873; x_wconf 89' lang='lat' dir='ltr'><strong>non</strong></span> <span class='ocrx_word' id='word_1_113' title='bbox 1267 1825 1295 1872; x_wconf 89' lang='lat' dir='ltr'><strong>a.</strong></span> 
     </span>
     <span class='ocr_line' id='line_1_16' title="bbox 268 1903 1296 1993; baseline -0.001 -17"><span class='ocrx_word' id='word_1_114' title='bbox 268 1906 393 1993; x_wconf 86' lang='grc'><strong>738116,</strong></span> <span class='ocrx_word' id='word_1_115' title='bbox 409 1907 462 1990; x_wconf 91' lang='lat' dir='ltr'><strong>qui</strong></span> <span class='ocrx_word' id='word_1_116' title='bbox 485 1906 659 1974; x_wconf 87' lang='lat' dir='ltr'><strong>secuudum</strong></span> <span class='ocrx_word' id='word_1_117' title='bbox 681 1903 766 1969; x_wconf 88' lang='lat' dir='ltr'><strong>illarn</strong></span> <span class='ocrx_word' id='word_1_118' title='bbox 790 1905 848 1971; x_wconf 88' lang='lat' dir='ltr'><strong>XV</strong></span> <span class='ocrx_word' id='word_1_119' title='bbox 871 1906 1010 1970; x_wconf 90' lang='lat' dir='ltr'><strong>viromm</strong></span> <span class='ocrx_word' id='word_1_120' title='bbox 1026 1907 1296 1990; x_wconf 89' lang='lat' dir='ltr'><strong>computationem</strong></span> 
     </span>
     <span class='ocr_line' id='line_1_17' title="bbox 267 2006 1296 2100; baseline -0.001 -23"><span class='ocrx_word' id='word_1_121' title='bbox 267 2011 327 2077; x_wconf 85' lang='lat' dir='ltr'><strong>fuit</strong></span> <span class='ocrx_word' id='word_1_122' title='bbox 349 2009 518 2092; x_wconf 87' lang='lat' dir='ltr'><strong>legitimus,</strong></span> <span class='ocrx_word' id='word_1_123' title='bbox 552 2006 592 2074; x_wconf 89' lang='lat' dir='ltr'><strong>ab</strong></span> <span class='ocrx_word' id='word_1_124' title='bbox 616 2006 757 2092; x_wconf 88' lang='lat' dir='ltr'><strong>Augusto</strong></span> <span class='ocrx_word' id='word_1_125' title='bbox 786 2009 1032 2086; x_wconf 81' lang='lat' dir='ltr'><strong>celebrarentur,</strong></span> <span class='ocrx_word' id='word_1_126' title='bbox 1059 2009 1216 2100; x_wconf 51' lang='lat' dir='ltr'><strong>¹Rotbinm</strong></span> <span class='ocrx_word' id='word_1_127' title='bbox 1245 2011 1296 2076; x_wconf 80' lang='lat' dir='ltr'><strong>vix</strong></span> 
     </span>
     <span class='ocr_line' id='line_1_18' title="bbox 267 2111 1296 2204; baseline -0.001 -24"><span class='ocrx_word' id='word_1_128' title='bbox 267 2111 475 2197; x_wconf 82' lang='lat' dir='ltr'><strong>probabiliter</strong></span> <span class='ocrx_word' id='word_1_129' title='bbox 515 2111 561 2176; x_wconf 89' lang='lat' dir='ltr'><strong>ita</strong></span> <span class='ocrx_word' id='word_1_130' title='bbox 594 2112 778 2196; x_wconf 83' lang='lat' dir='ltr'><strong>explanasse</strong></span> <span class='ocrx_word' id='word_1_131' title='bbox 812 2131 884 2176; x_wconf 91' lang='lat' dir='ltr'><strong>cnm</strong></span> <span class='ocrx_word' id='word_1_132' title='bbox 915 2111 1111 2178; x_wconf 88' lang='lat' dir='ltr'><strong>Mommseno</strong></span> <span class='ocrx_word' id='word_1_133' title='bbox 1149 2113 1296 2204; x_wconf 83' lang='lat' dir='ltr'><strong>arbitror,</strong></span> 
     </span>
     <span class='ocr_line' id='line_1_19' title="bbox 268 2213 1297 2299; baseline 0 -17"><span class='ocrx_word' id='word_1_134' title='bbox 268 2223 304 2282; x_wconf 91' lang='lat' dir='ltr'><strong>ut</strong></span> <span class='ocrx_word' id='word_1_135' title='bbox 333 2234 434 2282; x_wconf 86' lang='lat' dir='ltr'><strong>annus</strong></span> <span class='ocrx_word' id='word_1_136' title='bbox 465 2213 668 2295; x_wconf 80' lang='lat' dir='ltr'><strong>contusionis,</strong></span> <span class='ocrx_word' id='word_1_137' title='bbox 701 2220 852 2295; x_wconf 86' lang='lat' dir='ltr'><strong>tanquam</strong></span> <span class='ocrx_word' id='word_1_138' title='bbox 882 2215 962 2299; x_wconf 91' lang='lat' dir='ltr'><strong>duos</strong></span> <span class='ocrx_word' id='word_1_139' title='bbox 991 2233 1090 2282; x_wconf 88' lang='lat' dir='ltr'><strong>annos</strong></span> <span class='ocrx_word' id='word_1_140' title='bbox 1112 2234 1297 2299; x_wconf 83' lang='lat' dir='ltr'><strong>repraesen-</strong></span> 
     </span>
     <span class='ocr_line' id='line_1_20' title="bbox 268 2313 1297 2404; baseline 0 -18"><span class='ocrx_word' id='word_1_141' title='bbox 268 2325 363 2401; x_wconf 88' lang='lat' dir='ltr'><strong>taret,</strong></span> <span class='ocrx_word' id='word_1_142' title='bbox 376 2313 657 2403; x_wconf 77' lang='lat' dir='ltr'><strong>computaretur.³)</strong></span> <span class='ocrx_word' id='word_1_143' title='bbox 680 2317 792 2399; x_wconf 89' lang='lat' dir='ltr'><strong>Neque</strong></span> <span class='ocrx_word' id='word_1_144' title='bbox 804 2316 905 2398; x_wconf 84' lang='lat' dir='ltr'><strong>magis</strong></span> <span class='ocrx_word' id='word_1_145' title='bbox 916 2317 1072 2383; x_wconf 86' lang='lat' dir='ltr'><strong>assentior</strong></span> <span class='ocrx_word' id='word_1_146' title='bbox 1080 2317 1262 2386; x_wconf 85' lang='lat' dir='ltr'><strong>Hermanno</strong></span> <span class='ocrx_word' id='word_1_147' title='bbox 1272 2317 1297 2404; x_wconf 81' lang='lat'><strong>⁴)</strong></span> 
     </span>
     <span class='ocr_line' id='line_1_21' title="bbox 269 2418 1298 2505; baseline -0.002 -15"><span class='ocrx_word' id='word_1_148' title='bbox 269 2431 302 2490; x_wconf 92' lang='lat' dir='ltr'><strong>et</strong></span> <span class='ocrx_word' id='word_1_149' title='bbox 323 2419 550 2504; x_wconf 87' lang='lat' dir='ltr'><strong>Marquardtio,</strong></span> <span class='ocrx_word' id='word_1_150' title='bbox 563 2419 588 2502; x_wconf 70' lang='grc' dir='ltr'><strong>ὗ1</strong></span> <span class='ocrx_word' id='word_1_151' title='bbox 621 2421 675 2502; x_wconf 92' lang='lat' dir='ltr'><strong>qui</strong></span> <span class='ocrx_word' id='word_1_152' title='bbox 698 2439 826 2486; x_wconf 90' lang='lat' dir='ltr'><strong>carmen</strong></span> <span class='ocrx_word' id='word_1_153' title='bbox 848 2420 925 2484; x_wconf 92' lang='lat' dir='ltr'><strong>illud</strong></span> <span class='ocrx_word' id='word_1_154' title='bbox 949 2419 1145 2504; x_wconf 76' lang='lat' dir='ltr'><strong>sibyllinum,</strong></span> <span class='ocrx_word' id='word_1_155' title='bbox 1158 2418 1184 2503; x_wconf 84' lang='lat'><strong>⁶)</strong></span> <span class='ocrx_word' id='word_1_156' title='bbox 1214 2424 1298 2505; x_wconf 92' lang='lat' dir='ltr'><strong>quod</strong></span> 
     </span>
     <span class='ocr_line' id='line_1_22' title="bbox 269 2521 1298 2606; baseline 0 -14"><span class='ocrx_word' id='word_1_157' title='bbox 269 2544 399 2592; x_wconf 87' lang='lat' dir='ltr'><strong>auream</strong></span> <span class='ocrx_word' id='word_1_158' title='bbox 422 2529 561 2590; x_wconf 87' lang='lat' dir='ltr'><strong>aetatem</strong></span> <span class='ocrx_word' id='word_1_159' title='bbox 583 2522 751 2606; x_wconf 81' lang='lat' dir='ltr'><strong>praedixit,</strong></span> <span class='ocrx_word' id='word_1_160' title='bbox 774 2529 888 2605; x_wconf 90' lang='lat' dir='ltr'><strong>putant</strong></span> <span class='ocrx_word' id='word_1_161' title='bbox 903 2521 1056 2603; x_wconf 88' lang='lat' dir='ltr'><strong>elieoisse,</strong></span> <span class='ocrx_word' id='word_1_162' title='bbox 1075 2530 1111 2589; x_wconf 92' lang='lat' dir='ltr'><strong>nt</strong></span> <span class='ocrx_word' id='word_1_163' title='bbox 1126 2544 1208 2591; x_wconf 86' lang='lat' dir='ltr'><strong>anuo</strong></span> <span class='ocrx_word' id='word_1_164' title='bbox 1224 2531 1298 2592; x_wconf 88' lang='lat' dir='ltr'><strong>ante</strong></span> 
     </span>
     <span class='ocr_line' id='line_1_23' title="bbox 270 2625 1297 2712; baseline -0.002 -17"><span class='ocrx_word' id='word_1_165' title='bbox 270 2627 392 2712; x_wconf 84' lang='lat' dir='ltr'><strong>fierent.</strong></span> <span class='ocrx_word' id='word_1_166' title='bbox 415 2625 444 2692; x_wconf 91' lang='lat' dir='ltr'>N</span> <span class='ocrx_word' id='word_1_167' title='bbox 446 2645 497 2691; x_wconf 86' lang='lat' dir='ltr'><strong>nm</strong></span> <span class='ocrx_word' id='word_1_168' title='bbox 509 2625 535 2693; x_wconf 93' lang='lat' dir='ltr'><strong>si</strong></span> <span class='ocrx_word' id='word_1_169' title='bbox 544 2625 702 2708; x_wconf 85' lang='lat' dir='ltr'><strong>Vergilius</strong></span> <span class='ocrx_word' id='word_1_170' title='bbox 713 2629 745 2690; x_wconf 87' lang='lat' dir='ltr'><strong>in</strong></span> <span class='ocrx_word' id='word_1_171' title='bbox 757 2625 868 2706; x_wconf 84' lang='lat' dir='ltr'><strong>ecloga</strong></span> <span class='ocrx_word' id='word_1_172' title='bbox 882 2625 935 2691; x_wconf 93' lang='lat' dir='ltr'><strong>IV.</strong></span> <span class='ocrx_word' id='word_1_173' title='bbox 948 2625 1040 2692; x_wconf 89' lang='lat' dir='ltr'><strong>buius</strong></span> <span class='ocrx_word' id='word_1_174' title='bbox 1056 2627 1297 2709; x_wconf 71' lang='grc' dir='ltr'><strong>παλιγγενεσίας</strong></span> 
     </span>
     <span class='ocr_line' id='line_1_24' title="bbox 269 2727 1297 2813; baseline 0 -15"><span class='ocrx_word' id='word_1_175' title='bbox 269 2731 394 2798; x_wconf 79' lang='lat' dir='ltr'><strong>futurae</strong></span> <span class='ocrx_word' id='word_1_176' title='bbox 423 2731 486 2795; x_wconf 90' lang='lat' dir='ltr'><strong>iam</strong></span> <span class='ocrx_word' id='word_1_177' title='bbox 518 2748 547 2795; x_wconf 89' lang='lat' dir='ltr'><strong>a.</strong></span> <span class='ocrx_word' id='word_1_178' title='bbox 571 2728 686 2813; x_wconf 84' lang='grc'><strong>714140</strong></span> <span class='ocrx_word' id='word_1_179' title='bbox 708 2728 785 2793; x_wconf 88' lang='lat' dir='ltr'><strong>lacit</strong></span> <span class='ocrx_word' id='word_1_180' title='bbox 807 2727 1010 2804; x_wconf 82' lang='lat' dir='ltr'><strong>mentionem,</strong></span> <span class='ocrx_word' id='word_1_181' title='bbox 1045 2748 1101 2794; x_wconf 92' lang='lat' dir='ltr'><strong>cur</strong></span> <span class='ocrx_word' id='word_1_182' title='bbox 1122 2730 1192 2811; x_wconf 93' lang='lat' dir='ltr'><strong>ipso</strong></span> <span class='ocrx_word' id='word_1_183' title='bbox 1215 2749 1297 2798; x_wconf 91' lang='lat' dir='ltr'><strong>anno</strong></span> 
     </span>
     <span class='ocr_line' id='line_1_25' title="bbox 270 2830 1298 2919; baseline -0.002 -18"><span class='ocrx_word' id='word_1_184' title='bbox 270 2831 386 2919; x_wconf 87' lang='grc'><strong>737117</strong></span> <span class='ocrx_word' id='word_1_185' title='bbox 401 2836 475 2899; x_wconf 86' lang='lat' dir='ltr'><strong>sunt</strong></span> <span class='ocrx_word' id='word_1_186' title='bbox 490 2830 665 2898; x_wconf 74' lang='lat' dir='ltr'><strong>celebrati?</strong></span> <span class='ocrx_word' id='word_1_187' title='bbox 677 2830 823 2897; x_wconf 88' lang='lat' dir='ltr'><strong>Proxime</strong></span> <span class='ocrx_word' id='word_1_188' title='bbox 835 2831 873 2896; x_wconf 88' lang='lat' dir='ltr'><strong>ad</strong></span> <span class='ocrx_word' id='word_1_189' title='bbox 887 2849 995 2895; x_wconf 89' lang='lat' dir='ltr'><strong>verum</strong></span> <span class='ocrx_word' id='word_1_190' title='bbox 1008 2831 1134 2897; x_wconf 88' lang='lat' dir='ltr'><strong>videtur</strong></span> <span class='ocrx_word' id='word_1_191' title='bbox 1144 2834 1298 2899; x_wconf 86' lang='lat' dir='ltr'><strong>accedere</strong></span> 
     </span>
     <span class='ocr_line' id='line_1_26' title="bbox 270 2933 1298 3021; baseline 0.001 -17"><span class='ocrx_word' id='word_1_192' title='bbox 270 2935 461 3004; x_wconf 86' lang='lat' dir='ltr'><strong>Mommseni</strong></span> <span class='ocrx_word' id='word_1_193' title='bbox 491 2933 659 3015; x_wconf 89' lang='lat' dir='ltr'><strong>sententia,</strong></span> <span class='ocrx_word' id='word_1_194' title='bbox 692 2952 750 3015; x_wconf 88' lang='lat' dir='ltr'><strong>per</strong></span> <span class='ocrx_word' id='word_1_195' title='bbox 777 2952 812 2999; x_wconf 89' lang='lat' dir='ltr'><strong>se</strong></span> <span class='ocrx_word' id='word_1_196' title='bbox 843 2933 968 3014; x_wconf 88' lang='lat' dir='ltr'><strong>quidem</strong></span> <span class='ocrx_word' id='word_1_197' title='bbox 992 2935 1082 3016; x_wconf 84' lang='lat' dir='ltr'><strong>parvi</strong></span> <span class='ocrx_word' id='word_1_198' title='bbox 1105 2935 1298 3021; x_wconf 85' lang='lat' dir='ltr'><strong>interfuisse,</strong></span> 
     </span>
     <span class='ocr_line' id='line_1_27' title="bbox 270 3036 1296 3124; baseline 0.001 -18"><span class='ocrx_word' id='word_1_199' title='bbox 270 3046 377 3106; x_wconf 89' lang='lat' dir='ltr'><strong>utrum</strong></span> <span class='ocrx_word' id='word_1_200' title='bbox 402 3037 544 3104; x_wconf 77' lang='lat' dir='ltr'><strong>exeuntis</strong></span> <span class='ocrx_word' id='word_1_201' title='bbox 567 3036 686 3104; x_wconf 86' lang='lat' dir='ltr'><strong>saeculi</strong></span> <span class='ocrx_word' id='word_1_202' title='bbox 709 3055 790 3101; x_wconf 88' lang='lat' dir='ltr'><strong>anno</strong></span> <span class='ocrx_word' id='word_1_203' title='bbox 815 3042 956 3103; x_wconf 81' lang='lat' dir='ltr'><strong>extremo</strong></span> <span class='ocrx_word' id='word_1_204' title='bbox 981 3057 1020 3101; x_wconf 90' lang='lat' dir='ltr'><strong>an</strong></span> <span class='ocrx_word' id='word_1_205' title='bbox 1036 3038 1175 3106; x_wconf 90' lang='lat' dir='ltr'><strong>ineuntis</strong></span> <span class='ocrx_word' id='word_1_206' title='bbox 1194 3041 1296 3124; x_wconf 87' lang='lat' dir='ltr'><strong>primo</strong></span> 
     </span>
     <span class='ocr_line' id='line_1_28' title="bbox 272 3140 1308 3226; baseline 0 -17"><span class='ocrx_word' id='word_1_207' title='bbox 272 3144 452 3222; x_wconf 87' lang='lat' dir='ltr'><strong>ederentur,</strong></span> <span class='ocrx_word' id='word_1_208' title='bbox 464 3142 599 3222; x_wconf 80' lang='lat' dir='ltr'><strong>Augusti</strong></span> <span class='ocrx_word' id='word_1_209' title='bbox 619 3144 735 3214; x_wconf 89' lang='lat' dir='ltr'><strong>autern,</strong></span> <span class='ocrx_word' id='word_1_210' title='bbox 751 3145 895 3222; x_wconf 83' lang='lat' dir='ltr'><strong>utquam</strong></span> <span class='ocrx_word' id='word_1_211' title='bbox 911 3140 1047 3221; x_wconf 90' lang='lat' dir='ltr'><strong>primum</strong></span> <span class='ocrx_word' id='word_1_212' title='bbox 1065 3146 1308 3226; x_wconf 85' lang='lat' dir='ltr'><strong>spectarentur„</strong></span> 
     </span>
     <span class='ocr_line' id='line_1_29' title="bbox 271 3241 1299 3325; baseline 0.001 -13"><span class='ocrx_word' id='word_1_213' title='bbox 271 3245 463 3314; x_wconf 82' lang='lat' dir='ltr'><strong>interfuisse.</strong></span> <span class='ocrx_word' id='word_1_214' title='bbox 507 3241 672 3310; x_wconf 89' lang='lat' dir='ltr'><strong>Habemus</strong></span> <span class='ocrx_word' id='word_1_215' title='bbox 694 3243 800 3324; x_wconf 84' lang='lat' dir='ltr'><strong>igitur,</strong></span> <span class='ocrx_word' id='word_1_216' title='bbox 835 3261 891 3308; x_wconf 90' lang='lat' dir='ltr'><strong>cnr</strong></span> <span class='ocrx_word' id='word_1_217' title='bbox 912 3243 996 3308; x_wconf 90' lang='lat' dir='ltr'><strong>hunc</strong></span> <span class='ocrx_word' id='word_1_218' title='bbox 1017 3243 1243 3325; x_wconf 85' lang='lat' dir='ltr'><strong>imperatorem</strong></span> <span class='ocrx_word' id='word_1_219' title='bbox 1266 3254 1299 3313; x_wconf 91' lang='lat' dir='ltr'><strong>et</strong></span> 
     </span>
    </p>
   </div>
   <div class='ocr_carea' id='block_1_6' title="bbox 342 3449 835 3626">
    <p class='ocr_par' dir='ltr' id='par_1_6' title="bbox 342 3449 835 3626">
     <span class='ocr_line' id='line_1_30' title="bbox 345 3449 552 3521; baseline -0.019 -15"><span class='ocrx_word' id='word_1_220' title='bbox 345 3453 367 3521; x_wconf 84' lang='lat'><strong>1)</strong></span> <span class='ocrx_word' id='word_1_221' title='bbox 388 3449 474 3506; x_wconf 75' lang='lat' dir='ltr'><strong>orem</strong></span> <span class='ocrx_word' id='word_1_222' title='bbox 492 3449 511 3503; x_wconf 88' lang='lat'><strong>1.</strong></span> <span class='ocrx_word' id='word_1_223' title='bbox 529 3461 552 3502; x_wconf 79' lang='lat' dir='ltr'><strong>c.</strong></span> 
     </span>
     <span class='ocr_line' id='line_1_31' title="bbox 342 3549 835 3626; baseline -0.004 -14"><span class='ocrx_word' id='word_1_224' title='bbox 342 3553 367 3626; x_wconf 76' lang='lat'><strong>²)</strong></span> <span class='ocrx_word' id='word_1_225' title='bbox 386 3552 525 3612; x_wconf 65' lang='lat' dir='ltr'><strong>comm.</strong></span> <span class='ocrx_word' id='word_1_226' title='bbox 561 3549 648 3620; x_wconf 80' lang='lat' dir='ltr'><strong>xvu,</strong></span> <span class='ocrx_word' id='word_1_227' title='bbox 666 3558 707 3604; x_wconf 89' lang='lat' dir='ltr'><strong>ro.</strong></span> <span class='ocrx_word' id='word_1_228' title='bbox 831 3604 835 3610; x_wconf 88' lang='lat'>.</span> 
     </span>
    </p>
   </div>
   <div class='ocr_carea' id='block_1_7' title="bbox 272 3653 1300 3816">
    <p class='ocr_par' dir='ltr' id='par_1_7' title="bbox 272 3653 1300 3816">
     <span class='ocr_line' id='line_1_32' title="bbox 342 3653 1299 3728; baseline 0 -15"><span class='ocrx_word' id='word_1_229' title='bbox 342 3657 366 3728; x_wconf 65' lang='grc' dir='ltr'><strong>ι1</strong></span> <span class='ocrx_word' id='word_1_230' title='bbox 383 3660 456 3714; x_wconf 76' lang='lat' dir='ltr'><strong>Anto</strong></span> <span class='ocrx_word' id='word_1_231' title='bbox 474 3653 612 3722; x_wconf 72' lang='lat' dir='ltr'><strong>aarum,</strong></span> <span class='ocrx_word' id='word_1_232' title='bbox 630 3653 707 3708; x_wconf 85' lang='lat' dir='ltr'><strong>cuius</strong></span> <span class='ocrx_word' id='word_1_233' title='bbox 724 3654 885 3706; x_wconf 87' lang='lat' dir='ltr'><strong>sententiam</strong></span> <span class='ocrx_word' id='word_1_234' title='bbox 904 3655 978 3721; x_wconf 87' lang='lat' dir='ltr'><strong>prius</strong></span> <span class='ocrx_word' id='word_1_235' title='bbox 995 3656 1105 3722; x_wconf 85' lang='lat' dir='ltr'><strong>quidem</strong></span> <span class='ocrx_word' id='word_1_236' title='bbox 1122 3659 1299 3727; x_wconf 81' lang='lat' dir='ltr'><strong>sequebatur,</strong></span> 
     </span>
     <span class='ocr_line' id='line_1_33' title="bbox 272 3738 1300 3816; baseline -0.001 -16"><span class='ocrx_word' id='word_1_237' title='bbox 272 3746 427 3816; x_wconf 86' lang='lat' dir='ltr'><strong>nuperrime</strong></span> <span class='ocrx_word' id='word_1_238' title='bbox 444 3750 535 3799; x_wconf 83' lang='lat' dir='ltr'><strong>autern</strong></span> <span class='ocrx_word' id='word_1_239' title='bbox 557 3754 645 3807; x_wconf 88' lang='lat' dir='ltr'><strong>noque</strong></span> <span class='ocrx_word' id='word_1_240' title='bbox 662 3738 822 3806; x_wconf 87' lang='lat' dir='ltr'><strong>comprobat</strong></span> <span class='ocrx_word' id='word_1_241' title='bbox 838 3757 925 3811; x_wconf 85' lang='lat' dir='ltr'><strong>noque</strong></span> <span class='ocrx_word' id='word_1_242' title='bbox 942 3743 1079 3810; x_wconf 84' lang='lat' dir='ltr'><strong>improbat</strong></span> <span class='ocrx_word' id='word_1_243' title='bbox 1097 3744 1300 3810; x_wconf 82' lang='lat' dir='ltr'><strong>Marqucrdtins</strong></span> 
     </span>
    </p>
   </div>
   <div class='ocr_carea' id='block_1_8' title="bbox 272 3829 1299 3992">
    <p class='ocr_par' dir='ltr' id='par_1_8' title="bbox 272 3829 1299 3992">
     <span class='ocr_line' id='line_1_34' title="bbox 272 3829 1298 3904; baseline -0.004 -16"><span class='ocrx_word' id='word_1_244' title='bbox 272 3833 319 3902; x_wconf 85' lang='lat' dir='ltr'><strong>(cl.</strong></span> <span class='ocrx_word' id='word_1_245' title='bbox 339 3835 455 3890; x_wconf 80' lang='lat' dir='ltr'><strong>Beckeri</strong></span> <span class='ocrx_word' id='word_1_246' title='bbox 473 3843 501 3891; x_wconf 87' lang='lat' dir='ltr'><strong>ot</strong></span> <span class='ocrx_word' id='word_1_247' title='bbox 518 3837 690 3904; x_wconf 80' lang='lat' dir='ltr'><strong>llarquardu</strong></span> <span class='ocrx_word' id='word_1_248' title='bbox 708 3836 815 3890; x_wconf 84' lang='lat' dir='ltr'><strong>Handb.</strong></span> <span class='ocrx_word' id='word_1_249' title='bbox 838 3834 884 3903; x_wconf 83' lang='lat' dir='ltr'><strong>lV,</strong></span> <span class='ocrx_word' id='word_1_250' title='bbox 908 3839 956 3888; x_wconf 91' lang='grc'><strong>333</strong></span> <span class='ocrx_word' id='word_1_251' title='bbox 982 3848 1041 3885; x_wconf 90' lang='lat' dir='ltr'><strong>cum</strong></span> <span class='ocrx_word' id='word_1_252' title='bbox 1059 3831 1211 3886; x_wconf 85' lang='lat' dir='ltr'><strong>recentiore</strong></span> <span class='ocrx_word' id='word_1_253' title='bbox 1235 3829 1298 3884; x_wconf 84' lang='lat' dir='ltr'><strong>edit.</strong></span> 
     </span>
     <span class='ocr_line' id='line_1_35' title="bbox 275 3915 1299 3992; baseline -0.004 -20"><span class='ocrx_word' id='word_1_254' title='bbox 275 3919 320 3988; x_wconf 86' lang='lat' dir='ltr'><strong>Vl,</strong></span> <span class='ocrx_word' id='word_1_255' title='bbox 333 3923 408 3992; x_wconf 87' lang='grc'><strong>373),</strong></span> <span class='ocrx_word' id='word_1_256' title='bbox 426 3922 476 3977; x_wconf 90' lang='lat' dir='ltr'><strong>On.</strong></span> <span class='ocrx_word' id='word_1_257' title='bbox 495 3923 643 3978; x_wconf 83' lang='lat' dir='ltr'><strong>Panvinius</strong></span> <span class='ocrx_word' id='word_1_258' title='bbox 660 3923 732 3978; x_wconf 90' lang='lat' dir='ltr'><strong>idem</strong></span> <span class='ocrx_word' id='word_1_259' title='bbox 749 3923 904 3977; x_wconf 81' lang='lat' dir='ltr'><strong>coniecerat</strong></span> <span class='ocrx_word' id='word_1_260' title='bbox 920 3921 949 3973; x_wconf 91' lang='lat' dir='ltr'><strong>in</strong></span> <span class='ocrx_word' id='word_1_261' title='bbox 962 3918 1061 3972; x_wconf 82' lang='lat' dir='ltr'><strong>Graevi</strong></span> <span class='ocrx_word' id='word_1_262' title='bbox 1079 3916 1147 3971; x_wconf 86' lang='lat' dir='ltr'><strong>thes.</strong></span> <span class='ocrx_word' id='word_1_263' title='bbox 1158 3915 1205 3984; x_wconf 88' lang='lat' dir='ltr'><strong>lX,</strong></span> <span class='ocrx_word' id='word_1_264' title='bbox 1226 3921 1299 3969; x_wconf 81' lang='grc'><strong>1037.</strong></span> 
     </span>
    </p>
   </div>
   <div class='ocr_carea' id='block_1_9' title="bbox 341 4022 652 4196">
    <p class='ocr_par' dir='ltr' id='par_1_9' title="bbox 341 4022 652 4196">
     <span class='ocr_line' id='line_1_36' title="bbox 341 4022 636 4093; baseline -0.003 -14"><span class='ocrx_word' id='word_1_265' title='bbox 341 4022 366 4093; x_wconf 89' lang='lat'><strong>⁴)</strong></span> <span class='ocrx_word' id='word_1_266' title='bbox 384 4025 403 4079; x_wconf 92' lang='lat' dir='ltr'><strong>l.</strong></span> <span class='ocrx_word' id='word_1_267' title='bbox 421 4039 444 4080; x_wconf 87' lang='lat' dir='ltr'><strong>e.</strong></span> <span class='ocrx_word' id='word_1_268' title='bbox 464 4039 490 4093; x_wconf 91' lang='lat' dir='ltr'><strong>p.</strong></span> <span class='ocrx_word' id='word_1_269' title='bbox 512 4031 543 4079; x_wconf 88' lang='lat'><strong>18</strong></span> <span class='ocrx_word' id='word_1_270' title='bbox 561 4039 636 4092; x_wconf 87' lang='lat' dir='ltr'><strong>seqq.</strong></span> 
     </span>
     <span class='ocr_line' id='line_1_37' title="bbox 342 4125 652 4196; baseline 0 -16"><span class='ocrx_word' id='word_1_271' title='bbox 342 4126 365 4196; x_wconf 79' lang='lat'><strong>⁶)</strong></span> <span class='ocrx_word' id='word_1_272' title='bbox 385 4126 404 4181; x_wconf 85' lang='lat' dir='ltr'><strong>l.</strong></span> <span class='ocrx_word' id='word_1_273' title='bbox 422 4142 444 4181; x_wconf 93' lang='lat' dir='ltr'><strong>c.</strong></span> <span class='ocrx_word' id='word_1_274' title='bbox 462 4125 510 4196; x_wconf 87' lang='lat' dir='ltr'><strong>VI,</strong></span> <span class='ocrx_word' id='word_1_275' title='bbox 529 4133 578 4182; x_wconf 80' lang='grc'><strong>371</strong></span> <span class='ocrx_word' id='word_1_276' title='bbox 596 4141 652 4196; x_wconf 86' lang='lat' dir='ltr'><strong>seq.</strong></span> 
     </span>
    </p>
   </div>
   <div class='ocr_carea' id='block_1_10' title="bbox 322 4221 614 4302">
    <p class='ocr_par' dir='ltr' id='par_1_10' title="bbox 322 4221 614 4302">
     <span class='ocr_line' id='line_1_38' title="bbox 322 4221 614 4302; baseline 0.003 -17"><span class='ocrx_word' id='word_1_277' title='bbox 322 4221 366 4302; x_wconf 70' lang='lat'><strong>⁸⁶)</strong></span> <span class='ocrx_word' id='word_1_278' title='bbox 384 4247 410 4286; x_wconf 87' lang='grc' dir='ltr'>ι.</span> <span class='ocrx_word' id='word_1_279' title='bbox 427 4245 510 4300; x_wconf 90' lang='lat' dir='ltr'><strong>supra</strong></span> <span class='ocrx_word' id='word_1_280' title='bbox 527 4247 554 4300; x_wconf 84' lang='lat' dir='ltr'><strong>p.</strong></span> <span class='ocrx_word' id='word_1_281' title='bbox 573 4233 614 4288; x_wconf 82' lang='grc'><strong>33.</strong></span> 
     </span>
    </p>
   </div>
   <div class='ocr_carea' id='block_1_11' title="bbox 0 0 1607 4870">
    <p class='ocr_par' dir='ltr' id='par_1_11' title="bbox 0 0 1607 4870">
     <span class='ocr_line' id='line_1_39' title="bbox 0 0 1607 4870; baseline 0 0"><span class='ocrx_word' id='word_1_282' title='bbox 0 0 1607 4870; x_wconf 95' lang='lat' dir='ltr'><strong> </strong></span> 
     </span>
    </p>
   </div>
  </div>
 </body>
</html>
