<?xml version="1.0" encoding="UTF-8"?>
<!DOCTYPE html PUBLIC "-//W3C//DTD XHTML 1.0 Transitional//EN"
    "http://www.w3.org/TR/xhtml1/DTD/xhtml1-transitional.dtd">
<html xmlns="http://www.w3.org/1999/xhtml" xml:lang="en" lang="en">
 <head>
  <title>
</title>
<meta http-equiv="Content-Type" content="text/html;charset=utf-8" />
  <meta name='ocr-system' content='tesseract 3.04.00' />
  <meta name='ocr-capabilities' content='ocr_page ocr_carea ocr_par ocr_line ocrx_word'/>
</head>
<body>
  <div class='ocr_page' id='page_1' title='image "./deapollinisapud00heckgoog_0052.png"; bbox 0 0 3180 4870; ppageno 0'>
   <div class='ocr_carea' id='block_1_1' title="bbox 670 289 883 362">
    <p class='ocr_par' dir='ltr' id='par_1_1' title="bbox 670 289 883 362">
     <span class='ocr_line' id='line_1_1' title="bbox 670 289 883 362; baseline 0 -18"><span class='ocrx_word' id='word_1_1' title='bbox 670 335 712 344; x_wconf 88' lang='lat'><strong>..</strong></span> <span class='ocrx_word' id='word_1_2' title='bbox 755 289 883 362; x_wconf 69' lang='grc'>45·-</span> 
     </span>
    </p>
   </div>
   <div class='ocr_carea' id='block_1_2' title="bbox 268 466 1301 1172">
    <p class='ocr_par' dir='ltr' id='par_1_2' title="bbox 268 466 1301 1172">
     <span class='ocr_line' id='line_1_2' title="bbox 268 466 1293 558; baseline -0.005 -21"><span class='ocrx_word' id='word_1_3' title='bbox 268 473 478 558; x_wconf 83' lang='lat' dir='ltr'><strong>Apollinares,</strong></span> <span class='ocrx_word' id='word_1_4' title='bbox 515 470 588 536; x_wconf 90' lang='lat' dir='ltr'><strong>inde</strong></span> <span class='ocrx_word' id='word_1_5' title='bbox 620 468 804 534; x_wconf 90' lang='lat' dir='ltr'><strong>Huscbkius</strong></span> <span class='ocrx_word' id='word_1_6' title='bbox 846 466 1000 532; x_wconf 86' lang='lat' dir='ltr'>conclusit</span> <span class='ocrx_word' id='word_1_7' title='bbox 1032 467 1110 532; x_wconf 90' lang='lat' dir='ltr'><strong>boc:</strong></span> <span class='ocrx_word' id='word_1_8' title='bbox 1156 471 1231 532; x_wconf 90' lang='lat' dir='ltr'><strong>aute</strong></span> <span class='ocrx_word' id='word_1_9' title='bbox 1265 485 1293 532; x_wconf 85' lang='lat' dir='ltr'><strong>a.</strong></span> 
     </span>
     <span class='ocr_line' id='line_1_3' title="bbox 269 567 1299 650; baseline -0.012 -6"><span class='ocrx_word' id='word_1_10' title='bbox 269 571 383 644; x_wconf 73' lang='lat' dir='ltr'><strong>710l44</strong></span> <span class='ocrx_word' id='word_1_11' title='bbox 411 576 503 642; x_wconf 93' lang='lat' dir='ltr'><strong>ludos</strong></span> <span class='ocrx_word' id='word_1_12' title='bbox 531 594 594 640; x_wconf 93' lang='lat' dir='ltr'><strong>non</strong></span> <span class='ocrx_word' id='word_1_13' title='bbox 618 590 687 640; x_wconf 90' lang='lat' dir='ltr'><strong>esse</strong></span> <span class='ocrx_word' id='word_1_14' title='bbox 710 570 811 636; x_wconf 90' lang='lat' dir='ltr'><strong>factos</strong></span> <span class='ocrx_word' id='word_1_15' title='bbox 832 590 861 634; x_wconf 85' lang='lat' dir='ltr'><strong>a.</strong></span> <span class='ocrx_word' id='word_1_16' title='bbox 885 571 913 634; x_wconf 90' lang='lat' dir='ltr'><strong>d.</strong></span> <span class='ocrx_word' id='word_1_17' title='bbox 935 568 983 633; x_wconf 93' lang='lat' dir='ltr'><strong>III</strong></span> <span class='ocrx_word' id='word_1_18' title='bbox 1005 568 1050 634; x_wconf 89' lang='lat' dir='ltr'><strong>ld.</strong></span> <span class='ocrx_word' id='word_1_19' title='bbox 1074 568 1190 650; x_wconf 91' lang='lat' dir='ltr'><strong>Quint,</strong></span> <span class='ocrx_word' id='word_1_20' title='bbox 1224 567 1299 634; x_wconf 87' lang='lat' dir='ltr'><strong>cuni</strong></span> 
     </span>
     <span class='ocr_line' id='line_1_4' title="bbox 270 672 1298 758; baseline -0.007 -16"><span class='ocrx_word' id='word_1_21' title='bbox 270 685 378 744; x_wconf 90' lang='lat' dir='ltr'><strong>autem</strong></span> <span class='ocrx_word' id='word_1_22' title='bbox 401 678 463 746; x_wconf 90' lang='lat' dir='ltr'><strong>Dio</strong></span> <span class='ocrx_word' id='word_1_23' title='bbox 475 677 498 758; x_wconf 88' lang='lat'><strong>¹)</strong></span> <span class='ocrx_word' id='word_1_24' title='bbox 523 676 670 744; x_wconf 81' lang='lat' dir='ltr'><strong>Caesaris</strong></span> <span class='ocrx_word' id='word_1_25' title='bbox 699 673 864 740; x_wconf 92' lang='lat' dir='ltr'><strong>dictatoris</strong></span> <span class='ocrx_word' id='word_1_26' title='bbox 895 672 978 738; x_wconf 91' lang='lat' dir='ltr'><strong>diem</strong></span> <span class='ocrx_word' id='word_1_27' title='bbox 1002 672 1140 737; x_wconf 89' lang='lat' dir='ltr'><strong>natalem</strong></span> <span class='ocrx_word' id='word_1_28' title='bbox 1163 675 1298 736; x_wconf 86' lang='lat' dir='ltr'><strong>-erat</strong></span> 
     </span>
     <span class='ocr_line' id='line_1_5' title="bbox 269 774 1298 858; baseline -0.009 -12"><span class='ocrx_word' id='word_1_29' title='bbox 269 801 297 847; x_wconf 88' lang='lat' dir='ltr'><strong>a.</strong></span> <span class='ocrx_word' id='word_1_30' title='bbox 322 783 351 850; x_wconf 87' lang='lat' dir='ltr'><strong>d.</strong></span> <span class='ocrx_word' id='word_1_31' title='bbox 373 782 420 848; x_wconf 89' lang='grc' dir='ltr'><strong>ΙΙΙ</strong></span> <span class='ocrx_word' id='word_1_32' title='bbox 442 783 487 847; x_wconf 91' lang='lat' dir='ltr'><strong>ld.</strong></span> <span class='ocrx_word' id='word_1_33' title='bbox 512 781 619 858; x_wconf 80' lang='lat' dir='ltr'>Quint.</span> <span class='ocrx_word' id='word_1_34' title='bbox 642 813 684 824; x_wconf 91' lang='lat'>—</span> <span class='ocrx_word' id='word_1_35' title='bbox 710 778 784 842; x_wconf 91' lang='lat' dir='ltr'><strong>inde</strong></span> <span class='ocrx_word' id='word_1_36' title='bbox 817 775 857 840; x_wconf 91' lang='lat' dir='ltr'><strong>ab</strong></span> <span class='ocrx_word' id='word_1_37' title='bbox 891 791 973 840; x_wconf 89' lang='lat' dir='ltr'><strong>anno</strong></span> <span class='ocrx_word' id='word_1_38' title='bbox 1007 774 1124 842; x_wconf 75' lang='grc'>714140</span> <span class='ocrx_word' id='word_1_39' title='bbox 1155 775 1298 855; x_wconf 85' lang='lat' dir='ltr'><strong>proximo</strong></span> 
     </span>
     <span class='ocr_line' id='line_1_6' title="bbox 270 876 1301 968; baseline -0.008 -20"><span class='ocrx_word' id='word_1_40' title='bbox 270 885 321 948; x_wconf 90' lang='lat' dir='ltr'><strong>die</strong></span> <span class='ocrx_word' id='word_1_41' title='bbox 345 887 386 968; x_wconf 89' lang='lat' dir='ltr'><strong>(a.</strong></span> <span class='ocrx_word' id='word_1_42' title='bbox 409 885 439 950; x_wconf 89' lang='lat' dir='ltr'><strong>d.</strong></span> <span class='ocrx_word' id='word_1_43' title='bbox 462 883 506 948; x_wconf 93' lang='lat' dir='ltr'><strong>IV</strong></span> <span class='ocrx_word' id='word_1_44' title='bbox 528 881 574 948; x_wconf 91' lang='lat' dir='ltr'><strong>Id.</strong></span> <span class='ocrx_word' id='word_1_45' title='bbox 598 879 740 962; x_wconf 78' lang='lat' dir='ltr'><strong>easdem)</strong></span> <span class='ocrx_word' id='word_1_46' title='bbox 764 879 959 946; x_wconf 88' lang='lat' dir='ltr'><strong>celebratum</strong></span> <span class='ocrx_word' id='word_1_47' title='bbox 982 877 1134 952; x_wconf 80' lang='lat' dir='ltr'><strong>traderet,</strong></span> <span class='ocrx_word' id='word_1_48' title='bbox 1167 876 1301 940; x_wconf 88' lang='lat' dir='ltr'><strong>ludosa</strong></span> 
     </span>
     <span class='ocr_line' id='line_1_7' title="bbox 270 980 1301 1064; baseline -0.006 -14"><span class='ocrx_word' id='word_1_49' title='bbox 270 985 329 1050; x_wconf 89' lang='lat' dir='ltr'><strong>Iuli</strong></span> <span class='ocrx_word' id='word_1_50' title='bbox 368 988 485 1053; x_wconf 87' lang='lat' dir='ltr'><strong>mensis</strong></span> <span class='ocrx_word' id='word_1_51' title='bbox 518 987 569 1050; x_wconf 88' lang='lat' dir='ltr'><strong>die</strong></span> <span class='ocrx_word' id='word_1_52' title='bbox 603 984 646 1048; x_wconf 86' lang='lat' dir='ltr'><strong>Vl</strong></span> <span class='ocrx_word' id='word_1_53' title='bbox 679 1002 778 1064; x_wconf 89' lang='lat' dir='ltr'><strong>usque</strong></span> <span class='ocrx_word' id='word_1_54' title='bbox 813 983 852 1048; x_wconf 92' lang='lat' dir='ltr'><strong>ad</strong></span> <span class='ocrx_word' id='word_1_55' title='bbox 886 983 962 1048; x_wconf 85' lang='lat' dir='ltr'>XIII</span> <span class='ocrx_word' id='word_1_56' title='bbox 994 999 1068 1046; x_wconf 86' lang='lat' dir='ltr'><strong>mox</strong></span> <span class='ocrx_word' id='word_1_57' title='bbox 1098 980 1201 1045; x_wconf 89' lang='lat' dir='ltr'><strong>editos</strong></span> <span class='ocrx_word' id='word_1_58' title='bbox 1231 997 1301 1044; x_wconf 89' lang='lat' dir='ltr'><strong>csse</strong></span> 
     </span>
     <span class='ocr_line' id='line_1_8' title="bbox 272 1083 1301 1172; baseline -0.01 -17"><span class='ocrx_word' id='word_1_59' title='bbox 272 1089 363 1156; x_wconf 86' lang='lat' dir='ltr'><strong>effici.</strong></span> <span class='ocrx_word' id='word_1_60' title='bbox 410 1090 461 1155; x_wconf 85' lang='lat' dir='ltr'><strong>Sic</strong></span> <span class='ocrx_word' id='word_1_61' title='bbox 484 1090 582 1172; x_wconf 84' lang='lat' dir='ltr'><strong>igitur</strong></span> <span class='ocrx_word' id='word_1_62' title='bbox 604 1087 650 1150; x_wconf 92' lang='lat' dir='ltr'><strong>vir</strong></span> <span class='ocrx_word' id='word_1_63' title='bbox 671 1086 724 1152; x_wconf 87' lang='lat' dir='ltr'><strong>ille</strong></span> <span class='ocrx_word' id='word_1_64' title='bbox 748 1085 950 1158; x_wconf 86' lang='lat' dir='ltr'><strong>doctissimus</strong></span> <span class='ocrx_word' id='word_1_65' title='bbox 973 1093 1005 1152; x_wconf 93' lang='lat' dir='ltr'><strong>et</strong></span> <span class='ocrx_word' id='word_1_66' title='bbox 1027 1085 1133 1168; x_wconf 81' lang='lat' dir='ltr'><strong>ingeni</strong></span> <span class='ocrx_word' id='word_1_67' title='bbox 1155 1083 1301 1148; x_wconf 82' lang='lat' dir='ltr'>acumine</span> 
     </span>
    </p>
   </div>
   <div class='ocr_carea' id='block_1_3' title="bbox 272 1185 1409 1265">
    <p class='ocr_par' dir='ltr' id='par_1_3' title="bbox 272 1185 1409 1265">
     <span class='ocr_line' id='line_1_9' title="bbox 272 1185 1409 1265; baseline -0.004 -10"><span class='ocrx_word' id='word_1_68' title='bbox 272 1197 305 1256; x_wconf 93' lang='lat' dir='ltr'><strong>et</strong></span> <span class='ocrx_word' id='word_1_69' title='bbox 321 1191 484 1259; x_wconf 86' lang='lat' dir='ltr'><strong>Ciceronis</strong></span> <span class='ocrx_word' id='word_1_70' title='bbox 506 1192 576 1256; x_wconf 92' lang='lat' dir='ltr'><strong>loco</strong></span> <span class='ocrx_word' id='word_1_71' title='bbox 600 1194 848 1257; x_wconf 90' lang='lat' dir='ltr'><strong>commemorato</strong></span> <span class='ocrx_word' id='word_1_72' title='bbox 872 1189 999 1259; x_wconf 90' lang='lat' dir='ltr'><strong>adiutus</strong></span> <span class='ocrx_word' id='word_1_73' title='bbox 1020 1207 1071 1254; x_wconf 90' lang='lat' dir='ltr'><strong>res</strong></span> <span class='ocrx_word' id='word_1_74' title='bbox 1094 1188 1154 1254; x_wconf 88' lang='lat' dir='ltr'><strong>sibi</strong></span> <span class='ocrx_word' id='word_1_75' title='bbox 1170 1185 1302 1265; x_wconf 80' lang='lat' dir='ltr'><strong>effinxit,</strong></span> <span class='ocrx_word' id='word_1_76' title='bbox 1404 1193 1409 1202; x_wconf 93' lang='grc'><strong>“</strong></span> 
     </span>
    </p>
   </div>
   <div class='ocr_carea' id='block_1_4' title="bbox 271 1291 1306 2095">
    <p class='ocr_par' dir='ltr' id='par_1_4' title="bbox 271 1291 1306 2095">
     <span class='ocr_line' id='line_1_10' title="bbox 271 1291 1303 1375; baseline -0.001 -18"><span class='ocrx_word' id='word_1_77' title='bbox 271 1300 307 1359; x_wconf 92' lang='lat' dir='ltr'><strong>ut</strong></span> <span class='ocrx_word' id='word_1_78' title='bbox 330 1294 447 1359; x_wconf 90' lang='lat' dir='ltr'><strong>Brutus</strong></span> <span class='ocrx_word' id='word_1_79' title='bbox 478 1293 604 1375; x_wconf 88' lang='lat' dir='ltr'><strong>quidem</strong></span> <span class='ocrx_word' id='word_1_80' title='bbox 636 1312 663 1358; x_wconf 86' lang='lat' dir='ltr'><strong>a</strong></span> <span class='ocrx_word' id='word_1_81' title='bbox 688 1291 802 1375; x_wconf 68' lang='grc'>710144</span> <span class='ocrx_word' id='word_1_82' title='bbox 824 1292 936 1369; x_wconf 85' lang='lat' dir='ltr'><strong>iratus,</strong></span> <span class='ocrx_word' id='word_1_83' title='bbox 970 1291 1055 1374; x_wconf 91' lang='lat' dir='ltr'><strong>quod</strong></span> <span class='ocrx_word' id='word_1_84' title='bbox 1083 1309 1139 1357; x_wconf 93' lang='lat' dir='ltr'><strong>suo</strong></span> <span class='ocrx_word' id='word_1_85' title='bbox 1163 1291 1303 1356; x_wconf 79' lang='lat' dir='ltr'><strong>absentIs</strong></span> 
     </span>
     <span class='ocr_line' id='line_1_11' title="bbox 272 1390 1304 1481; baseline -0.007 -18"><span class='ocrx_word' id='word_1_86' title='bbox 272 1398 399 1468; x_wconf 90' lang='lat' dir='ltr'><strong>nomine</strong></span> <span class='ocrx_word' id='word_1_87' title='bbox 430 1415 488 1481; x_wconf 91' lang='lat' dir='ltr'><strong>per</strong></span> <span class='ocrx_word' id='word_1_88' title='bbox 512 1395 548 1462; x_wconf 82' lang='lat' dir='ltr'><strong>G.</strong></span> <span class='ocrx_word' id='word_1_89' title='bbox 571 1395 744 1460; x_wconf 82' lang='lat' dir='ltr'><strong>Antonium</strong></span> <span class='ocrx_word' id='word_1_90' title='bbox 757 1390 781 1474; x_wconf 79' lang='grc'><strong>2)</strong></span> <span class='ocrx_word' id='word_1_91' title='bbox 814 1396 967 1476; x_wconf 82' lang='lat' dir='ltr'>collegam</span> <span class='ocrx_word' id='word_1_92' title='bbox 997 1393 1064 1458; x_wconf 93' lang='lat' dir='ltr'><strong>ludi</strong></span> <span class='ocrx_word' id='word_1_93' title='bbox 1092 1395 1125 1458; x_wconf 91' lang='lat' dir='ltr'><strong>in</strong></span> <span class='ocrx_word' id='word_1_94' title='bbox 1152 1412 1179 1458; x_wconf 88' lang='lat' dir='ltr'><strong>a.</strong></span> <span class='ocrx_word' id='word_1_95' title='bbox 1204 1393 1233 1458; x_wconf 89' lang='lat' dir='ltr'><strong>d.</strong></span> <span class='ocrx_word' id='word_1_96' title='bbox 1257 1392 1304 1456; x_wconf 95' lang='lat' dir='ltr'><strong>III</strong></span> 
     </span>
     <span class='ocr_line' id='line_1_12' title="bbox 272 1495 1303 1580; baseline -0.004 -14"><span class='ocrx_word' id='word_1_97' title='bbox 272 1501 354 1566; x_wconf 88' lang='lat' dir='ltr'><strong>Non.</strong></span> <span class='ocrx_word' id='word_1_98' title='bbox 373 1499 505 1565; x_wconf 91' lang='lat' dir='ltr'><strong>Iulias</strong></span> <span class='ocrx_word' id='word_1_99' title='bbox 528 1500 649 1580; x_wconf 89' lang='lat' dir='ltr'><strong>(itaque</strong></span> <span class='ocrx_word' id='word_1_100' title='bbox 673 1497 712 1561; x_wconf 91' lang='lat' dir='ltr'><strong>ad</strong></span> <span class='ocrx_word' id='word_1_101' title='bbox 736 1517 763 1560; x_wconf 90' lang='lat' dir='ltr'><strong>a.</strong></span> <span class='ocrx_word' id='word_1_102' title='bbox 787 1499 816 1562; x_wconf 94' lang='lat' dir='ltr'><strong>d.</strong></span> <span class='ocrx_word' id='word_1_103' title='bbox 836 1497 882 1560; x_wconf 91' lang='lat' dir='ltr'><strong>IV</strong></span> <span class='ocrx_word' id='word_1_104' title='bbox 899 1496 943 1561; x_wconf 91' lang='lat' dir='ltr'><strong>Id.</strong></span> <span class='ocrx_word' id='word_1_105' title='bbox 968 1495 1074 1573; x_wconf 85' lang='lat' dir='ltr'><strong>Quint.</strong></span> <span class='ocrx_word' id='word_1_106' title='bbox 1090 1497 1303 1578; x_wconf 81' lang='lat' dir='ltr'><strong>pertinentes)</strong></span> 
     </span>
     <span class='ocr_line' id='line_1_13' title="bbox 271 1599 1306 1682; baseline -0.007 -14"><span class='ocrx_word' id='word_1_107' title='bbox 271 1603 384 1668; x_wconf 86' lang='lat' dir='ltr'><strong>indicti</strong></span> <span class='ocrx_word' id='word_1_108' title='bbox 413 1599 567 1682; x_wconf 63' lang='lat' dir='ltr'><strong>essenti)</strong></span> <span class='ocrx_word' id='word_1_109' title='bbox 600 1601 632 1662; x_wconf 92' lang='lat' dir='ltr'><strong>in</strong></span> <span class='ocrx_word' id='word_1_110' title='bbox 660 1620 687 1664; x_wconf 87' lang='lat' dir='ltr'><strong>a</strong></span> <span class='ocrx_word' id='word_1_111' title='bbox 712 1601 741 1664; x_wconf 89' lang='lat' dir='ltr'><strong>d.</strong></span> <span class='ocrx_word' id='word_1_112' title='bbox 765 1599 811 1662; x_wconf 94' lang='lat' dir='ltr'><strong>Ill</strong></span> <span class='ocrx_word' id='word_1_113' title='bbox 833 1599 880 1666; x_wconf 91' lang='lat' dir='ltr'><strong>ld.</strong></span> <span class='ocrx_word' id='word_1_114' title='bbox 905 1599 1119 1676; x_wconf 81' lang='lat' dir='ltr'><strong>Quintiles</strong></span> <span class='ocrx_word' id='word_1_115' title='bbox 1149 1599 1306 1664; x_wconf 82' lang='lat' dir='ltr'><strong>iudIceret</strong></span> 
     </span>
     <span class='ocr_line' id='line_1_14' title="bbox 273 1699 1306 1780; baseline -0.004 -10"><span class='ocrx_word' id='word_1_116' title='bbox 273 1706 475 1770; x_wconf 81' lang='lat' dir='ltr'><strong>renationem</strong></span> <span class='ocrx_word' id='word_1_117' title='bbox 498 1705 530 1768; x_wconf 94' lang='lat' dir='ltr'><strong>in</strong></span> <span class='ocrx_word' id='word_1_118' title='bbox 554 1704 638 1767; x_wconf 91' lang='lat' dir='ltr'><strong>circo</strong></span> <span class='ocrx_word' id='word_1_119' title='bbox 661 1699 856 1780; x_wconf 84' lang='lat' dir='ltr'><strong>faciendam,</strong></span> <span class='ocrx_word' id='word_1_120' title='bbox 886 1701 978 1768; x_wconf 88' lang='lat' dir='ltr'><strong>Bruti</strong></span> <span class='ocrx_word' id='word_1_121' title='bbox 1002 1710 1109 1766; x_wconf 90' lang='lat' dir='ltr'><strong>autem</strong></span> <span class='ocrx_word' id='word_1_122' title='bbox 1132 1702 1306 1766; x_wconf 88' lang='lat' dir='ltr'><strong>adversarii</strong></span> 
     </span>
     <span class='ocr_line' id='line_1_15' title="bbox 273 1802 1306 1886; baseline -0.004 -14"><span class='ocrx_word' id='word_1_123' title='bbox 273 1808 368 1873; x_wconf 92' lang='lat' dir='ltr'><strong>huius</strong></span> <span class='ocrx_word' id='word_1_124' title='bbox 389 1807 590 1872; x_wconf 87' lang='lat' dir='ltr'><strong>liberalitatis</strong></span> <span class='ocrx_word' id='word_1_125' title='bbox 606 1806 803 1886; x_wconf 84' lang='lat' dir='ltr'><strong>superandae</strong></span> <span class='ocrx_word' id='word_1_126' title='bbox 819 1823 916 1872; x_wconf 87' lang='lat' dir='ltr'><strong>causa</strong></span> <span class='ocrx_word' id='word_1_127' title='bbox 931 1802 1105 1884; x_wconf 88' lang='lat' dir='ltr'><strong>efficerent,</strong></span> <span class='ocrx_word' id='word_1_128' title='bbox 1121 1811 1158 1868; x_wconf 92' lang='lat' dir='ltr'><strong>ut</strong></span> <span class='ocrx_word' id='word_1_129' title='bbox 1180 1822 1306 1885; x_wconf 84' lang='lat' dir='ltr'><strong>semper</strong></span> 
     </span>
     <span class='ocr_line' id='line_1_16' title="bbox 276 1907 1306 1990; baseline -0.002 -14"><span class='ocrx_word' id='word_1_130' title='bbox 276 1932 304 1977; x_wconf 88' lang='lat' dir='ltr'><strong>a.</strong></span> <span class='ocrx_word' id='word_1_131' title='bbox 328 1911 357 1975; x_wconf 89' lang='lat' dir='ltr'><strong>d.</strong></span> <span class='ocrx_word' id='word_1_132' title='bbox 381 1909 428 1974; x_wconf 92' lang='lat' dir='ltr'><strong>III</strong></span> <span class='ocrx_word' id='word_1_133' title='bbox 449 1909 496 1975; x_wconf 88' lang='lat' dir='ltr'><strong>ld.</strong></span> <span class='ocrx_word' id='word_1_134' title='bbox 524 1910 619 1974; x_wconf 91' lang='lat' dir='ltr'><strong>Iulias</strong></span> <span class='ocrx_word' id='word_1_135' title='bbox 643 1909 801 1974; x_wconf 87' lang='lat' dir='ltr'><strong>circenses</strong></span> <span class='ocrx_word' id='word_1_136' title='bbox 823 1909 1004 1988; x_wconf 88' lang='lat' dir='ltr'><strong>ederentur,</strong></span> <span class='ocrx_word' id='word_1_137' title='bbox 1034 1926 1105 1974; x_wconf 88' lang='lat' dir='ltr'><strong>curn</strong></span> <span class='ocrx_word' id='word_1_138' title='bbox 1127 1907 1217 1990; x_wconf 91' lang='lat' dir='ltr'><strong>prior</strong></span> <span class='ocrx_word' id='word_1_139' title='bbox 1238 1908 1306 1974; x_wconf 89' lang='lat' dir='ltr'><strong>dies</strong></span> 
     </span>
     <span class='ocr_line' id='line_1_17' title="bbox 274 2011 1213 2095; baseline -0.003 -16"><span class='ocrx_word' id='word_1_140' title='bbox 274 2014 436 2079; x_wconf 90' lang='lat' dir='ltr'><strong>sollemnis</strong></span> <span class='ocrx_word' id='word_1_141' title='bbox 460 2013 501 2095; x_wconf 88' lang='lat' dir='ltr'><strong>(a.</strong></span> <span class='ocrx_word' id='word_1_142' title='bbox 525 2013 554 2078; x_wconf 93' lang='lat' dir='ltr'><strong>d.</strong></span> <span class='ocrx_word' id='word_1_143' title='bbox 579 2011 630 2076; x_wconf 94' lang='lat' dir='ltr'><strong>llI</strong></span> <span class='ocrx_word' id='word_1_144' title='bbox 653 2011 735 2076; x_wconf 91' lang='lat' dir='ltr'><strong>Non.</strong></span> <span class='ocrx_word' id='word_1_145' title='bbox 759 2012 900 2092; x_wconf 86' lang='lat' dir='ltr'><strong>easdem)</strong></span> <span class='ocrx_word' id='word_1_146' title='bbox 924 2016 1009 2078; x_wconf 87' lang='lat' dir='ltr'><strong>esset</strong></span> <span class='ocrx_word' id='word_1_147' title='bbox 1031 2011 1213 2092; x_wconf 82' lang='lat' dir='ltr'><strong>abrogatus.</strong></span> 
     </span>
    </p>
   </div>
   <div class='ocr_carea' id='block_1_5' title="bbox 362 2113 1436 2198">
    <p class='ocr_par' dir='ltr' id='par_1_5' title="bbox 362 2113 1436 2198">
     <span class='ocr_line' id='line_1_18' title="bbox 362 2113 1436 2198; baseline -0.001 -19"><span class='ocrx_word' id='word_1_148' title='bbox 362 2115 398 2179; x_wconf 95' lang='lat' dir='ltr'><strong>In</strong></span> <span class='ocrx_word' id='word_1_149' title='bbox 422 2134 484 2196; x_wconf 88' lang='lat' dir='ltr'><strong>qua</strong></span> <span class='ocrx_word' id='word_1_150' title='bbox 506 2114 716 2196; x_wconf 85' lang='lat' dir='ltr'><strong>explicatione</strong></span> <span class='ocrx_word' id='word_1_151' title='bbox 740 2116 882 2195; x_wconf 89' lang='lat' dir='ltr'><strong>quamvis</strong></span> <span class='ocrx_word' id='word_1_152' title='bbox 903 2113 1068 2198; x_wconf 78' lang='lat' dir='ltr'><strong>ingeniosa</strong></span> <span class='ocrx_word' id='word_1_153' title='bbox 1090 2114 1225 2178; x_wconf 81' lang='lat' dir='ltr'><strong>maxime</strong></span> <span class='ocrx_word' id='word_1_154' title='bbox 1247 2113 1307 2178; x_wconf 88' lang='lat' dir='ltr'><strong>bac</strong></span> <span class='ocrx_word' id='word_1_155' title='bbox 1431 2179 1436 2187; x_wconf 70' lang='grc'><strong>,</strong></span> 
     </span>
    </p>
   </div>
   <div class='ocr_carea' id='block_1_6' title="bbox 276 2215 1391 3739">
    <p class='ocr_par' dir='ltr' id='par_1_6' title="bbox 276 2215 1391 3739">
     <span class='ocr_line' id='line_1_19' title="bbox 276 2215 1308 2300; baseline 0 -18"><span class='ocrx_word' id='word_1_156' title='bbox 276 2218 315 2282; x_wconf 94' lang='lat' dir='ltr'><strong>de</strong></span> <span class='ocrx_word' id='word_1_157' title='bbox 329 2237 424 2283; x_wconf 83' lang='lat' dir='ltr'><strong>eausa</strong></span> <span class='ocrx_word' id='word_1_158' title='bbox 439 2217 637 2297; x_wconf 86' lang='lat' dir='ltr'><strong>offendimus,</strong></span> <span class='ocrx_word' id='word_1_159' title='bbox 653 2217 748 2297; x_wconf 91' lang='lat' dir='ltr'><strong>quod,</strong></span> <span class='ocrx_word' id='word_1_160' title='bbox 765 2235 836 2282; x_wconf 93' lang='lat' dir='ltr'><strong>cum</strong></span> <span class='ocrx_word' id='word_1_161' title='bbox 851 2218 884 2281; x_wconf 84' lang='lat' dir='ltr'><strong>In</strong></span> <span class='ocrx_word' id='word_1_162' title='bbox 899 2218 1011 2300; x_wconf 89' lang='lat' dir='ltr'><strong>patriis</strong></span> <span class='ocrx_word' id='word_1_163' title='bbox 1025 2216 1125 2298; x_wconf 88' lang='lat' dir='ltr'><strong>ipsius</strong></span> <span class='ocrx_word' id='word_1_164' title='bbox 1147 2215 1308 2296; x_wconf 78' lang='lat' dir='ltr'><strong>religionis</strong></span> 
     </span>
     <span class='ocr_line' id='line_1_20' title="bbox 281 2318 1308 2402; baseline -0.004 -16"><span class='ocrx_word' id='word_1_165' title='bbox 281 2320 422 2386; x_wconf 89' lang='lat' dir='ltr'><strong>moribus</strong></span> <span class='ocrx_word' id='word_1_166' title='bbox 456 2328 551 2401; x_wconf 91' lang='lat' dir='ltr'><strong>atque</strong></span> <span class='ocrx_word' id='word_1_167' title='bbox 585 2319 739 2384; x_wconf 83' lang='lat' dir='ltr'><strong>Institutis</strong></span> <span class='ocrx_word' id='word_1_168' title='bbox 771 2324 921 2402; x_wconf 87' lang='lat' dir='ltr'><strong>tanquam</strong></span> <span class='ocrx_word' id='word_1_169' title='bbox 956 2319 1132 2384; x_wconf 89' lang='lat' dir='ltr'><strong>adhaerere</strong></span> <span class='ocrx_word' id='word_1_170' title='bbox 1169 2318 1308 2388; x_wconf 86' lang='lat' dir='ltr'><strong>solerent</strong></span> 
     </span>
     <span class='ocr_line' id='line_1_21' title="bbox 281 2421 1308 2504; baseline -0.003 -15"><span class='ocrx_word' id='word_1_171' title='bbox 281 2423 467 2504; x_wconf 87' lang='lat' dir='ltr'><strong>soleantque</strong></span> <span class='ocrx_word' id='word_1_172' title='bbox 491 2442 562 2488; x_wconf 90' lang='lat' dir='ltr'><strong>cnm</strong></span> <span class='ocrx_word' id='word_1_173' title='bbox 583 2423 681 2488; x_wconf 90' lang='lat' dir='ltr'><strong>totius</strong></span> <span class='ocrx_word' id='word_1_174' title='bbox 697 2421 783 2488; x_wconf 94' lang='lat' dir='ltr'><strong>orbis</strong></span> <span class='ocrx_word' id='word_1_175' title='bbox 798 2429 909 2502; x_wconf 84' lang='lat' dir='ltr'><strong>gentes</strong></span> <span class='ocrx_word' id='word_1_176' title='bbox 925 2422 1149 2502; x_wconf 82' lang='lat' dir='ltr'><strong>tumltomaui,</strong></span> <span class='ocrx_word' id='word_1_177' title='bbox 1162 2439 1308 2504; x_wconf 84' lang='lat' dir='ltr'><strong>magnam</strong></span> 
     </span>
     <span class='ocr_line' id='line_1_22' title="bbox 281 2523 1310 2592; baseline -0.004 0"><span class='ocrx_word' id='word_1_178' title='bbox 281 2530 362 2592; x_wconf 89' lang='lat' dir='ltr'><strong>ritus</strong></span> <span class='ocrx_word' id='word_1_179' title='bbox 375 2526 655 2592; x_wconf 90' lang='lat' dir='ltr'><strong>commutationem</strong></span> <span class='ocrx_word' id='word_1_180' title='bbox 673 2523 790 2588; x_wconf 87' lang='lat' dir='ltr'><strong>factam</strong></span> <span class='ocrx_word' id='word_1_181' title='bbox 807 2542 876 2590; x_wconf 92' lang='lat' dir='ltr'><strong>esse</strong></span> <span class='ocrx_word' id='word_1_182' title='bbox 891 2530 1112 2590; x_wconf 86' lang='lat' dir='ltr'><strong>statueremus.</strong></span> <span class='ocrx_word' id='word_1_183' title='bbox 1144 2524 1310 2590; x_wconf 82' lang='lat' dir='ltr'><strong>Accedunt</strong></span> 
     </span>
     <span class='ocr_line' id='line_1_23' title="bbox 281 2627 1309 2709; baseline 0 -15"><span class='ocrx_word' id='word_1_184' title='bbox 281 2631 333 2694; x_wconf 92' lang='lat' dir='ltr'><strong>alii</strong></span> <span class='ocrx_word' id='word_1_185' title='bbox 367 2647 492 2709; x_wconf 90' lang='lat' dir='ltr'><strong>quoque</strong></span> <span class='ocrx_word' id='word_1_186' title='bbox 525 2627 675 2708; x_wconf 90' lang='lat' dir='ltr'><strong>scrupuli.</strong></span> <span class='ocrx_word' id='word_1_187' title='bbox 730 2627 766 2690; x_wconf 95' lang='lat' dir='ltr'><strong>ln</strong></span> <span class='ocrx_word' id='word_1_188' title='bbox 800 2628 1033 2708; x_wconf 91' lang='lat' dir='ltr'><strong>proscriptione</strong></span> <span class='ocrx_word' id='word_1_189' title='bbox 1056 2629 1138 2693; x_wconf 91' lang='lat' dir='ltr'><strong>enim</strong></span> <span class='ocrx_word' id='word_1_190' title='bbox 1162 2629 1309 2694; x_wconf 89' lang='lat' dir='ltr'><strong>ludorum</strong></span> 
     </span>
     <span class='ocr_line' id='line_1_24' title="bbox 279 2728 1391 2808; baseline 0.002 -12"><span class='ocrx_word' id='word_1_191' title='bbox 279 2752 299 2796; x_wconf 88' lang='lat' dir='ltr'><strong>a</strong></span> <span class='ocrx_word' id='word_1_192' title='bbox 315 2731 415 2795; x_wconf 92' lang='lat' dir='ltr'><strong>Bruto</strong></span> <span class='ocrx_word' id='word_1_193' title='bbox 436 2731 629 2796; x_wconf 91' lang='lat' dir='ltr'><strong>edendorum</strong></span> <span class='ocrx_word' id='word_1_194' title='bbox 646 2736 788 2794; x_wconf 88' lang='lat' dir='ltr'><strong>mensem</strong></span> <span class='ocrx_word' id='word_1_195' title='bbox 801 2729 974 2805; x_wconf 83' lang='lat' dir='ltr'><strong>Quintilem</strong></span> <span class='ocrx_word' id='word_1_196' title='bbox 990 2749 1009 2794; x_wconf 91' lang='lat' dir='ltr'><strong>a</strong></span> <span class='ocrx_word' id='word_1_197' title='bbox 1023 2731 1149 2794; x_wconf 90' lang='lat' dir='ltr'><strong>nominc</strong></span> <span class='ocrx_word' id='word_1_198' title='bbox 1163 2731 1309 2798; x_wconf 83' lang='lat' dir='ltr'><strong>Caesaris</strong></span> <span class='ocrx_word' id='word_1_199' title='bbox 1329 2728 1333 2736; x_wconf 81' lang='grc'><strong>’</strong></span> <span class='ocrx_word' id='word_1_200' title='bbox 1386 2803 1391 2808; x_wconf 60' lang='grc'>,</span> 
     </span>
     <span class='ocr_line' id='line_1_25' title="bbox 278 2832 1326 2917; baseline -0.001 -15"><span class='ocrx_word' id='word_1_201' title='bbox 278 2835 389 2917; x_wconf 81' lang='lat' dir='ltr'><strong>gentili</strong></span> <span class='ocrx_word' id='word_1_202' title='bbox 404 2833 519 2898; x_wconf 92' lang='lat' dir='ltr'><strong>Iulium</strong></span> <span class='ocrx_word' id='word_1_203' title='bbox 542 2852 612 2899; x_wconf 93' lang='lat' dir='ltr'><strong>esse</strong></span> <span class='ocrx_word' id='word_1_204' title='bbox 628 2832 834 2915; x_wconf 86' lang='lat' dir='ltr'><strong>appellatum,</strong></span> <span class='ocrx_word' id='word_1_205' title='bbox 849 2833 950 2898; x_wconf 90' lang='lat' dir='ltr'><strong>Nonis</strong></span> <span class='ocrx_word' id='word_1_206' title='bbox 973 2834 1099 2901; x_wconf 88' lang='lat' dir='ltr'><strong>demum</strong></span> <span class='ocrx_word' id='word_1_207' title='bbox 1116 2834 1308 2911; x_wconf 84' lang='lat' dir='ltr'><strong>Quintilibus</strong></span> <span class='ocrx_word' id='word_1_208' title='bbox 1324 2848 1326 2851; x_wconf 82' lang='grc'><strong>’</strong></span> 
     </span>
     <span class='ocr_line' id='line_1_26' title="bbox 278 2933 1310 3018; baseline 0 -15"><span class='ocrx_word' id='word_1_209' title='bbox 278 2940 358 3003; x_wconf 84' lang='lat' dir='ltr'><strong>vidit</strong></span> <span class='ocrx_word' id='word_1_210' title='bbox 374 2933 518 3016; x_wconf 78' lang='lat' dir='ltr'><strong>Cicero⁴)</strong></span> <span class='ocrx_word' id='word_1_211' title='bbox 541 2937 581 3001; x_wconf 92' lang='lat' dir='ltr'><strong>ad</strong></span> <span class='ocrx_word' id='word_1_212' title='bbox 596 2937 729 3001; x_wconf 88' lang='lat' dir='ltr'><strong>Bmtum</strong></span> <span class='ocrx_word' id='word_1_213' title='bbox 743 2935 948 3018; x_wconf 89' lang='lat' dir='ltr'><strong>proficiscens</strong></span> <span class='ocrx_word' id='word_1_214' title='bbox 963 2937 995 3002; x_wconf 91' lang='lat' dir='ltr'><strong>iu</strong></span> <span class='ocrx_word' id='word_1_215' title='bbox 1010 2937 1170 3004; x_wconf 89' lang='lat' dir='ltr'><strong>Nesidem.</strong></span> <span class='ocrx_word' id='word_1_216' title='bbox 1188 2938 1310 3014; x_wconf 91' lang='lat' dir='ltr'><strong>Quodsi</strong></span> 
     </span>
     <span class='ocr_line' id='line_1_27' title="bbox 279 3039 1307 3121; baseline -0.001 -16"><span class='ocrx_word' id='word_1_217' title='bbox 279 3042 423 3114; x_wconf 90' lang='lat' dir='ltr'><strong>Brutum,</strong></span> <span class='ocrx_word' id='word_1_218' title='bbox 452 3039 610 3119; x_wconf 91' lang='lat' dir='ltr'><strong>quomodo</strong></span> <span class='ocrx_word' id='word_1_219' title='bbox 633 3039 803 3120; x_wconf 86' lang='lat' dir='ltr'><strong>proscripti</strong></span> <span class='ocrx_word' id='word_1_220' title='bbox 825 3045 932 3104; x_wconf 91' lang='lat' dir='ltr'><strong>essent</strong></span> <span class='ocrx_word' id='word_1_221' title='bbox 953 3039 1031 3121; x_wconf 83' lang='lat' dir='ltr'><strong>ludi,</strong></span> <span class='ocrx_word' id='word_1_222' title='bbox 1053 3041 1222 3106; x_wconf 85' lang='lat' dir='ltr'><strong>certiorem</strong></span> <span class='ocrx_word' id='word_1_223' title='bbox 1244 3059 1307 3106; x_wconf 92' lang='lat' dir='ltr'><strong>uon</strong></span> 
     </span>
     <span class='ocr_line' id='line_1_28' title="bbox 281 3141 1308 3224; baseline 0 -17"><span class='ocrx_word' id='word_1_224' title='bbox 281 3161 351 3208; x_wconf 91' lang='lat' dir='ltr'><strong>esse</strong></span> <span class='ocrx_word' id='word_1_225' title='bbox 373 3142 492 3208; x_wconf 87' lang='lat' dir='ltr'><strong>factum</strong></span> <span class='ocrx_word' id='word_1_226' title='bbox 504 3142 674 3207; x_wconf 89' lang='lat' dir='ltr'><strong>verisimile</strong></span> <span class='ocrx_word' id='word_1_227' title='bbox 690 3147 740 3208; x_wconf 91' lang='lat' dir='ltr'><strong>est</strong></span> <span class='ocrx_word' id='word_1_228' title='bbox 761 3142 821 3208; x_wconf 92' lang='lat' dir='ltr'><strong>nisi</strong></span> <span class='ocrx_word' id='word_1_229' title='bbox 836 3160 895 3223; x_wconf 93' lang='lat' dir='ltr'><strong>per</strong></span> <span class='ocrx_word' id='word_1_230' title='bbox 909 3143 1013 3224; x_wconf 81' lang='lat' dir='ltr'><strong>Ipsum</strong></span> <span class='ocrx_word' id='word_1_231' title='bbox 1031 3141 1230 3224; x_wconf 78' lang='lat' dir='ltr'><strong>GIceronem,</strong></span> <span class='ocrx_word' id='word_1_232' title='bbox 1254 3143 1308 3224; x_wconf 92' lang='lat' dir='ltr'><strong>qui</strong></span> 
     </span>
     <span class='ocr_line' id='line_1_29' title="bbox 279 3243 1307 3328; baseline 0.002 -20"><span class='ocrx_word' id='word_1_233' title='bbox 279 3243 348 3309; x_wconf 90' lang='lat' dir='ltr'><strong>fieri</strong></span> <span class='ocrx_word' id='word_1_234' title='bbox 370 3245 485 3326; x_wconf 92' lang='lat' dir='ltr'><strong>potuit,</strong></span> <span class='ocrx_word' id='word_1_235' title='bbox 507 3250 543 3308; x_wconf 92' lang='lat' dir='ltr'><strong>ut</strong></span> <span class='ocrx_word' id='word_1_236' title='bbox 565 3246 691 3308; x_wconf 90' lang='lat' dir='ltr'><strong>venatio</strong></span> <span class='ocrx_word' id='word_1_237' title='bbox 715 3245 881 3310; x_wconf 90' lang='lat' dir='ltr'><strong>intratam</strong></span> <span class='ocrx_word' id='word_1_238' title='bbox 904 3265 1023 3326; x_wconf 88' lang='lat' dir='ltr'><strong>paucos</strong></span> <span class='ocrx_word' id='word_1_239' title='bbox 1046 3247 1114 3314; x_wconf 85' lang='lat' dir='ltr'><strong>dIes</strong></span> <span class='ocrx_word' id='word_1_240' title='bbox 1136 3264 1307 3328; x_wconf 91' lang='lat' dir='ltr'><strong>praepara·</strong></span> 
     </span>
     <span class='ocr_line' id='line_1_30' title="bbox 278 3346 1307 3430; baseline 0.002 -18"><span class='ocrx_word' id='word_1_241' title='bbox 278 3349 387 3412; x_wconf 78' lang='lat' dir='ltr'><strong>retur?</strong></span> <span class='ocrx_word' id='word_1_242' title='bbox 409 3347 520 3430; x_wconf 91' lang='lat' dir='ltr'><strong>Neque</strong></span> <span class='ocrx_word' id='word_1_243' title='bbox 533 3365 601 3413; x_wconf 92' lang='lat' dir='ltr'><strong>esse</strong></span> <span class='ocrx_word' id='word_1_244' title='bbox 613 3346 867 3428; x_wconf 82' lang='lat' dir='ltr'><strong>praeparatam⁵)</strong></span> <span class='ocrx_word' id='word_1_245' title='bbox 877 3367 947 3414; x_wconf 90' lang='lat' dir='ltr'><strong>cam</strong></span> <span class='ocrx_word' id='word_1_246' title='bbox 960 3350 1126 3414; x_wconf 90' lang='lat' dir='ltr'><strong>interiecto</strong></span> <span class='ocrx_word' id='word_1_247' title='bbox 1139 3355 1205 3414; x_wconf 92' lang='lat' dir='ltr'><strong>tam</strong></span> <span class='ocrx_word' id='word_1_248' title='bbox 1218 3350 1307 3414; x_wconf 90' lang='lat' dir='ltr'><strong>brevi</strong></span> 
     </span>
     <span class='ocr_line' id='line_1_31' title="bbox 278 3448 1305 3542; baseline 0.004 -28"><span class='ocrx_word' id='word_1_249' title='bbox 278 3455 423 3532; x_wconf 88' lang='lat' dir='ltr'><strong>tempore</strong></span> <span class='ocrx_word' id='word_1_250' title='bbox 447 3451 576 3516; x_wconf 81' lang='lat' dir='ltr'><strong>cnloco</strong></span> <span class='ocrx_word' id='word_1_251' title='bbox 602 3448 811 3516; x_wconf 81' lang='lat' dir='ltr'><strong>Ciceroniano</strong></span> <span class='ocrx_word' id='word_1_252' title='bbox 837 3451 983 3542; x_wconf 87' lang='lat' dir='ltr'><strong>apposito</strong></span> <span class='ocrx_word' id='word_1_253' title='bbox 1005 3451 1131 3518; x_wconf 89' lang='lat' dir='ltr'><strong>elucere</strong></span> <span class='ocrx_word' id='word_1_254' title='bbox 1153 3452 1305 3531; x_wconf 67' lang='lat' dir='ltr'><strong>arbitron</strong></span> 
     </span>
     <span class='ocr_line' id='line_1_32' title="bbox 280 3552 1305 3637; baseline 0.005 -22"><span class='ocrx_word' id='word_1_255' title='bbox 280 3557 329 3616; x_wconf 90' lang='lat' dir='ltr'><strong>est</strong></span> <span class='ocrx_word' id='word_1_256' title='bbox 362 3555 444 3618; x_wconf 84' lang='lat' dir='ltr'><strong>enIm</strong></span> <span class='ocrx_word' id='word_1_257' title='bbox 474 3552 559 3636; x_wconf 91' lang='lat' dir='ltr'><strong>apud</strong></span> <span class='ocrx_word' id='word_1_258' title='bbox 576 3572 662 3618; x_wconf 90' lang='lat' dir='ltr'><strong>euru:</strong></span> <span class='ocrx_word' id='word_1_259' title='bbox 692 3555 913 3634; x_wconf 85' lang='lat' dir='ltr'><strong>„venationem</strong></span> <span class='ocrx_word' id='word_1_260' title='bbox 939 3573 1020 3634; x_wconf 86' lang='lat' dir='ltr'><strong>eam,</strong></span> <span class='ocrx_word' id='word_1_261' title='bbox 1044 3574 1125 3637; x_wconf 89' lang='lat' dir='ltr'><strong>quae</strong></span> <span class='ocrx_word' id='word_1_262' title='bbox 1152 3555 1305 3637; x_wconf 91' lang='lat' dir='ltr'><strong>postridie</strong></span> 
     </span>
     <span class='ocr_line' id='line_1_33' title="bbox 280 3649 1305 3739; baseline 0.012 -23"><span class='ocrx_word' id='word_1_263' title='bbox 280 3653 372 3720; x_wconf 92' lang='lat' dir='ltr'><strong>ludos</strong></span> <span class='ocrx_word' id='word_1_264' title='bbox 387 3655 585 3738; x_wconf 86' lang='lat' dir='ltr'><strong>Apollinares</strong></span> <span class='ocrx_word' id='word_1_265' title='bbox 601 3649 740 3720; x_wconf 86' lang='lat' dir='ltr'><strong>futura</strong></span> <span class='ocrx_word' id='word_1_266' title='bbox 762 3658 852 3724; x_wconf 87' lang='lat' dir='ltr'><strong>est.“</strong></span> <span class='ocrx_word' id='word_1_267' title='bbox 900 3655 1079 3726; x_wconf 82' lang='lat' dir='ltr'><strong>Secundum</strong></span> <span class='ocrx_word' id='word_1_268' title='bbox 1096 3657 1305 3739; x_wconf 85' lang='lat' dir='ltr'><strong>Huschkium,</strong></span> 
     </span>
    </p>
   </div>
   <div class='ocr_carea' id='block_1_7' title="bbox 280 3822 1303 4317">
    <p class='ocr_par' dir='ltr' id='par_1_7' title="bbox 351 3822 455 3889">
     <span class='ocr_line' id='line_1_34' title="bbox 351 3822 455 3889; baseline 0.029 -15"><span class='ocrx_word' id='word_1_269' title='bbox 351 3822 374 3889; x_wconf 89' lang='lat'><strong>¹)</strong></span> <span class='ocrx_word' id='word_1_270' title='bbox 393 3823 412 3876; x_wconf 91' lang='lat' dir='ltr'><strong>l.</strong></span> <span class='ocrx_word' id='word_1_271' title='bbox 432 3840 455 3877; x_wconf 90' lang='lat' dir='ltr'><strong>c.</strong></span> 
     </span>
    </p>

    <p class='ocr_par' dir='ltr' id='par_1_8' title="bbox 348 3905 635 3975">
     <span class='ocr_line' id='line_1_35' title="bbox 348 3905 635 3975; baseline 0.014 -16"><span class='ocrx_word' id='word_1_272' title='bbox 348 3905 372 3974; x_wconf 69' lang='grc'><strong>2)</strong></span> <span class='ocrx_word' id='word_1_273' title='bbox 392 3910 508 3974; x_wconf 84' lang='lat' dir='ltr'><strong>Appiam.</strong></span> <span class='ocrx_word' id='word_1_274' title='bbox 525 3909 574 3975; x_wconf 89' lang='lat' dir='ltr'>III,</span> <span class='ocrx_word' id='word_1_275' title='bbox 595 3915 635 3963; x_wconf 79' lang='lat'><strong>23.</strong></span> 
     </span>
    </p>

    <p class='ocr_par' dir='ltr' id='par_1_9' title="bbox 280 3992 1303 4148">
     <span class='ocr_line' id='line_1_36' title="bbox 349 3992 1303 4064; baseline 0.004 -18"><span class='ocrx_word' id='word_1_276' title='bbox 349 3992 374 4060; x_wconf 66' lang='lat'><strong>³)</strong></span> <span class='ocrx_word' id='word_1_277' title='bbox 394 3995 473 4047; x_wconf 88' lang='lat' dir='ltr'><strong>Certe</strong></span> <span class='ocrx_word' id='word_1_278' title='bbox 492 3995 543 4056; x_wconf 86' lang='lat' dir='ltr'><strong>boc</strong></span> <span class='ocrx_word' id='word_1_279' title='bbox 561 4011 615 4049; x_wconf 90' lang='lat' dir='ltr'><strong>nou</strong></span> <span class='ocrx_word' id='word_1_280' title='bbox 634 3995 734 4048; x_wconf 85' lang='lat' dir='ltr'><strong>fectum</strong></span> <span class='ocrx_word' id='word_1_281' title='bbox 760 4003 802 4048; x_wconf 87' lang='lat' dir='ltr'><strong>est</strong></span> <span class='ocrx_word' id='word_1_282' title='bbox 820 4011 836 4048; x_wconf 90' lang='lat' dir='ltr'><strong>a</strong></span> <span class='ocrx_word' id='word_1_283' title='bbox 855 3997 934 4051; x_wconf 89' lang='lat' dir='ltr'><strong>Bruti</strong></span> <span class='ocrx_word' id='word_1_284' title='bbox 961 3998 1054 4050; x_wconf 89' lang='lat' dir='ltr'><strong>amicis</strong></span> <span class='ocrx_word' id='word_1_285' title='bbox 1084 4011 1175 4050; x_wconf 85' lang='lat' dir='ltr'><strong>errore</strong></span> <span class='ocrx_word' id='word_1_286' title='bbox 1203 3995 1303 4064; x_wconf 79' lang='lat' dir='ltr'><strong>aliquo,</strong></span> 
     </span>
     <span class='ocr_line' id='line_1_37' title="bbox 280 4079 1268 4148; baseline 0.005 -18"><span class='ocrx_word' id='word_1_287' title='bbox 280 4084 309 4130; x_wconf 92' lang='lat' dir='ltr'><strong>ut</strong></span> <span class='ocrx_word' id='word_1_288' title='bbox 327 4079 475 4132; x_wconf 86' lang='lat' dir='ltr'><strong>arbitratur</strong></span> <span class='ocrx_word' id='word_1_289' title='bbox 494 4079 634 4146; x_wconf 83' lang='lat' dir='ltr'><strong>Zumptius</strong></span> <span class='ocrx_word' id='word_1_290' title='bbox 656 4079 686 4146; x_wconf 88' lang='lat' dir='ltr'><strong>(l.</strong></span> <span class='ocrx_word' id='word_1_291' title='bbox 704 4095 727 4132; x_wconf 91' lang='lat' dir='ltr'><strong>c.</strong></span> <span class='ocrx_word' id='word_1_292' title='bbox 747 4095 773 4146; x_wconf 92' lang='lat' dir='ltr'><strong>p.</strong></span> <span class='ocrx_word' id='word_1_293' title='bbox 792 4080 829 4148; x_wconf 81' lang='grc'><strong>7),</strong></span> <span class='ocrx_word' id='word_1_294' title='bbox 848 4079 894 4134; x_wconf 89' lang='lat' dir='ltr'><strong>sed</strong></span> <span class='ocrx_word' id='word_1_295' title='bbox 914 4081 1028 4134; x_wconf 90' lang='lat' dir='ltr'><strong>consilio</strong></span> <span class='ocrx_word' id='word_1_296' title='bbox 1046 4081 1080 4134; x_wconf 92' lang='lat' dir='ltr'><strong>ab</strong></span> <span class='ocrx_word' id='word_1_297' title='bbox 1099 4083 1268 4136; x_wconf 79' lang='lat' dir='ltr'><strong>Antoninon.</strong></span> 
     </span>
    </p>

    <p class='ocr_par' dir='ltr' id='par_1_10' title="bbox 346 4163 684 4233">
     <span class='ocr_line' id='line_1_38' title="bbox 346 4163 684 4233; baseline 0 -15"><span class='ocrx_word' id='word_1_298' title='bbox 346 4163 372 4228; x_wconf 83' lang='lat'><strong>⁴)</strong></span> <span class='ocrx_word' id='word_1_299' title='bbox 390 4164 435 4218; x_wconf 81' lang='lat' dir='ltr'><strong>Ad</strong></span> <span class='ocrx_word' id='word_1_300' title='bbox 452 4165 509 4218; x_wconf 78' lang='lat' dir='ltr'><strong>Aa.</strong></span> <span class='ocrx_word' id='word_1_301' title='bbox 528 4163 599 4232; x_wconf 87' lang='lat' dir='ltr'>XVI,</span> <span class='ocrx_word' id='word_1_302' title='bbox 621 4172 642 4233; x_wconf 86' lang='lat'><strong>1,</strong></span> <span class='ocrx_word' id='word_1_303' title='bbox 663 4172 684 4218; x_wconf 95' lang='lat' dir='ltr'><strong>l.</strong></span> 
     </span>
    </p>

    <p class='ocr_par' dir='ltr' id='par_1_11' title="bbox 346 4249 1143 4317">
     <span class='ocr_line' id='line_1_39' title="bbox 346 4249 1143 4317; baseline 0.001 -16"><span class='ocrx_word' id='word_1_304' title='bbox 346 4249 370 4317; x_wconf 79' lang='lat'><strong>⁵)</strong></span> <span class='ocrx_word' id='word_1_305' title='bbox 389 4249 429 4302; x_wconf 90' lang='lat' dir='ltr'><strong>De</strong></span> <span class='ocrx_word' id='word_1_306' title='bbox 448 4251 655 4317; x_wconf 85' lang='lat' dir='ltr'><strong>praeparatione</strong></span> <span class='ocrx_word' id='word_1_307' title='bbox 674 4249 798 4305; x_wconf 90' lang='lat' dir='ltr'><strong>ludorum</strong></span> <span class='ocrx_word' id='word_1_308' title='bbox 816 4253 851 4306; x_wconf 83' lang='lat' dir='ltr'><strong>cf.</strong></span> <span class='ocrx_word' id='word_1_309' title='bbox 871 4252 943 4304; x_wconf 86' lang='lat' dir='ltr'><strong>Plut.</strong></span> <span class='ocrx_word' id='word_1_310' title='bbox 962 4252 1038 4306; x_wconf 86' lang='lat' dir='ltr'><strong>Brut.</strong></span> <span class='ocrx_word' id='word_1_311' title='bbox 1059 4265 1081 4304; x_wconf 86' lang='lat' dir='ltr'><strong>c.</strong></span> <span class='ocrx_word' id='word_1_312' title='bbox 1100 4258 1143 4303; x_wconf 75' lang='lat' dir='ltr'><strong>ar.</strong></span> 
     </span>
    </p>
   </div>
   <div class='ocr_carea' id='block_1_8' title="bbox 0 0 1600 4870">
    <p class='ocr_par' dir='ltr' id='par_1_12' title="bbox 0 0 1600 4870">
     <span class='ocr_line' id='line_1_40' title="bbox 0 0 1600 4870; baseline 0 0"><span class='ocrx_word' id='word_1_313' title='bbox 0 0 1600 4870; x_wconf 95' lang='lat' dir='ltr'><strong> </strong></span> 
     </span>
    </p>
   </div>
  </div>
 </body>
</html>
