3180 4870
693 347 881 412 ..7-

277 520 360 586 enim
383 519 553 585 verborum
575 518 779 583 livianorum
803 515 892 598 (Vll,
915 515 967 597 20,
990 515 1024 595 9)
1046 515 1172 582 intuens
1194 515 1299 582 lacere

275 641 338 688 non
360 639 489 703 possum
531 622 606 702 quin
636 622 683 688 eis
712 621 874 687 notionem
904 619 1059 686 subiciam
1089 619 1188 683 hanc:
1222 638 1299 702 prae

276 725 391 791 ceteris
406 743 487 806 quae
509 723 643 790 luissent
664 723 792 790 ruinosa
805 722 960 806 Apollinis
975 722 1130 806 templum
1144 721 1299 787 relectum

273 847 343 896 esse
357 828 412 910 ita,
436 831 472 892 ut
487 829 592 894 denuo
609 833 694 894 esset
709 827 933 894 dedicandum.
978 825 1130 893 Similiter
1148 843 1216 892 rem
1238 824 1299 890 sibi

276 932 492 1015 composuisse
514 931 641 998 videtur
663 927 863 1009 Beckerus1)
888 948 960 995 cum
976 930 1054 995 dicit
1075 930 1171 996 haec:
1207 929 1298 1010 „eine

274 1035 467 1117 abermalige
481 1035 682 1110 Dedicction‚
699 1031 869 1114 jedenfalls
892 1032 1059 1099 desselben
1075 1032 1298 1113 Heiligthuma

273 1139 414 1206 eruibnt
436 1137 581 1204 derselbe
612 1137 694 1222 (scil.
718 1135 800 1219 Liu.)
823 1135 894 1218 VII,
922 1135 975 1203 20.
1025 1135 1299 1202 Wahrscheinlicb

272 1261 338 1308 war
370 1242 440 1307 eine
473 1239 800 1321 Wiederherstellung
834 1238 945 1320 ndtbig
978 1239 1174 1320 geworden“
1238 1236 1299 1303 Oui

273 1344 459 1425 sententiae,
483 1344 543 1410 etsi
565 1343 710 1409 veritatis
731 1342 871 1425 speciem
886 1360 963 1423 prae
987 1361 1021 1407 se
1042 1340 1116 1422 fert,
1139 1341 1297 1407 Clasonus
1418 1415 1422 1423 .

271 1448 442 1514 assentitur
456 1446 654 1511 dubitatione
670 1446 816 1527 quadam,
846 1444 964 1527 quippe
986 1445 1039 1526 qui
1061 1443 1132 1510 fieri
1153 1444 1296 1526 potuisse

270 1556 373 1632 putet,
395 1553 432 1614 ut
453 1549 486 1614 in
507 1550 660 1614 bonorem
684 1549 735 1634 dei
757 1547 901 1613 consulto
929 1547 1010 1614 falsa
1028 1541 1234 1614 'traderentur
1255 1547 1296 1612 de

271 1652 449 1735 antiquiore
470 1652 602 1735 templo.
652 1651 761 1732 Pergit
783 1651 866 1715 enim
889 1651 909 1716 l.
933 1670 960 1718 c.
987 1652 1161 1734 praemisso
1183 1650 1296 1718 funda-¹

272 1761 381 1821 mento
403 1755 476 1835 illo,
510 1756 595 1836 quod
618 1755 798 1821 claudicare
821 1758 854 1819 et
875 1754 1024 1820 vacillare
1047 1754 1193 1832 arbitror,
1215 1754 1294 1820 haec

209 1855 212 1860 ’
271 1858 390 1924 dicere:
433 1858 498 1941 „Es
519 1858 655 1924 scheint.
673 1857 734 1922 mir
762 1857 842 1939 last,
876 1858 923 1924 als
945 1858 986 1923 ob
1005 1858 1081 1938 J'ene
1113 1856 1293 1938 erstmalige

270 1961 428 2043 Weihung
450 1960 574 2027 einfach
602 1962 673 2026 ciue
695 1962 930 2026 zurdckdatirte
953 1960 1201 2043 Wiederholung
1223 1962 1293 2027 der·

269 2064 377 2130 selben
400 2064 578 2130 Thatsacbe
600 2084 639 2128 zu
660 2064 769 2129 Ebren
792 2065 848 2130 des
864 2062 977 2130 Gottes
999 2065 1053 2131 sei.
1097 2066 1158 2131 Die
1180 2065 1293 2131 Wahr·

268 2167 518 2244 scheiulichlreit,
541 2168 613 2233 dass
636 2167 766 2248 etwaige
788 2165 971 2233 Chronilren
993 2186 1049 2234 aus
1072 2169 1129 2234 der
1143 2169 1213 2234 Zeit
1235 2187 1293 2234 vor

269 2271 340 2335 dem
363 2270 535 2351 gulliscben
556 2269 683 2336 Brande
713 2270 813 2335 durch
836 2271 945 2337 diesen
967 2272 1186 2353 untergingen,
1214 2273 1292 2338 lassi

268 2377 325 2439 der
346 2373 566 2455 Vermutbung
578 2374 688 2455 Reum,
713 2377 785 2441 dass
807 2374 860 2440 bei
882 2375 940 2439 der
957 2374 1126 2455 jedenlalls
1142 2379 1291 2456 sputeren

269 2477 596 2558 Wiederberstellung
629 2477 796 2544 derselben
829 2478 880 2544 die
915 2477 1196 2544 Orakelbeuabrer
1228 2479 1290 2545 den

269 2579 452 2661 Apollocult
473 2581 562 2646 nicht
582 2600 653 2664 nur,
676 2581 815 2647 scudem
837 2581 918 2646 auch
941 2580 1033 2646 einen
1055 2582 1291 2664 Apollotempel

265 2683 299 2746 in
320 2684 419 2748 iltere
441 2683 512 2748 Zeil
532 2684 725 2766 verlegteu.“

233 2829 235 2836 ,
352 2784 455 2863 Quam
490 2787 670 2868 opinionem
704 2806 734 2869 p.
763 2786 827 2854 426
860 2787 954 2868 plane
988 2786 1184 2853 confidenter
1215 2807 1288 2870 pro-

265 2889 398 2953 nuntiat.
456 2888 519 2955 Sed
542 2877 622 2972 quae
641 2888 796 2956 Olasonus
819 2889 943 2971 attulit,
976 2909 1040 2955 non
1063 2895 1136 2957 sunt
1157 2910 1287 2972 prorsus

264 3007 362 3069 nova;
396 2996 470 3058 aute
493 3011 565 3056 eum
588 2993 671 3057 enim
695 2992 731 3060 O.
754 2993 790 3058 Ο.
812 2988 998 3076 Mueller0²)
1020 2994 1108 3076 prior
1129 2994 1286 3060 dedicatio

265 3095 476 3174 suspicionem
508 3095 676 3178 intulerat,
721 3100 892 3179 propterea
929 3097 1014 3179 quod
1053 3096 1093 3162 ab
1137 3116 1175 3162 eo
1215 3099 1285 3180 ipso

265 3199 393 3264 consule
415 3198 500 3264 facta
514 3217 583 3264 esse
598 3197 708 3275 fertur,
730 3200 784 3281 qui
806 3203 876 3264 erat
898 3218 915 3263 e
938 3206 1032 3281 geute
1050 3200 1138 3267 lulia
1183 3201 1285 3278 Quam

264 3300 305 3366 ob
335 3319 403 3366 rem
437 3304 466 3368 ei
496 3302 667 3385 ascriptam
702 3321 771 3368 esse
803 3303 1035 3369 dedicationem
1065 3303 1216 3380 coniecit,
1249 3309 1286 3370 ut

262 3403 344 3470 Iulia
360 3424 437 3487 gens
452 3406 608 3488 Apollinis
622 3425 714 3472 sacra
723 3399 855 3490 'semper
869 3407 902 3471 in
917 3407 1048 3489 priuatis
1067 3407 1131 3474 suis
1143 3407 1285 3475 baberet.
1393 3397 1395 3402 ’

263 3507 415 3574 Attamen
448 3510 663 3576 coniecturam
704 3529 793 3576 snam
825 3511 894 3593 ipse
934 3518 1047 3592 postea
1079 3530 1142 3577 nou
1178 3511 1285 3592 magni

261 3611 449 3678 aestimavit.
462 3609 487 3693 8)
557 3611 702 3694 Ibnius4)
745 3634 869 3696 quoque
910 3635 969 3698 per
1009 3620 1137 3698 gentem
1171 3614 1283 3680 lulium

262 3714 471 3794 antiquiorem
493 3716 580 3780 illam
603 3717 715 3785 aedem
736 3719 790 3800 pia
811 3717 922 3784 fraude
944 3717 1051 3784 fictam
1074 3737 1143 3785 esse
1167 3724 1284 3786 censet.

262 3815 326 3882 Sed
348 3820 523 3885 cavendnm
547 3828 604 3901 est,
627 3840 667 3888 ne
689 3823 820 3886 nimium
848 3823 1007 3888 tribuatur
1028 3823 1204 3889 sententiae
1226 3822 1282 3903 illi,

261 3937 323 4000 qua
353 3926 466 4002 putant
496 3925 644 4006 expedire
673 3925 739 4028 falli
762 3926 908 3992 civitates
937 3925 1155 4008 irreligione.
1200 3924 1281 3988 Nam

330 4075 350 4138 ¹)
369 4074 477 4130 Handb.
496 4077 521 4130 d.
538 4083 605 4130 rbm.
623 4077 744 4132 Altertlr.
763 4078 796 4148 1¹,
814 4077 872 4132 (ἰοῦ.

327 4157 351 4228 ⁸²)
370 4160 403 4213 ln
423 4161 559 4216 Classical
576 4163 693 4217 Journal
710 4180 734 4218 a.
754 4161 822 4217 1822
839 4165 872 4221 T.
890 4163 987 4233 XXVI,
1005 4163 1064 4219 318.

326 4243 351 4314 ³)
370 4261 394 4299 v.
412 4246 600 4303 Hermannum
618 4248 636 4302 l.
656 4264 679 4303 o.

325 4330 350 4400 4)
368 4331 446 4386 Rdm.
465 4333 564 4388 Gescb
582 4334 603 4402 l,
621 4334 673 4388 210
690 4351 717 4389 n.
736 4335 777 4391 10.
