3180 4870
592 283 903 362 ,⁸4-

696 551 922 654 Caputl.

647 688 968 775 DetempHs

105 827 227 880 1³⁶1>¹¹⁸⁰0
240 828 265 869 ¹¹¹
383 823 432 890 De
459 826 585 908 templis
615 828 769 909 Apollinis
799 828 825 894 si
856 831 1051 909 quaerimus,
1082 827 1123 892 ab
1150 825 1319 911 Asconio¹)

83 895 290 1012 mffpffiffl'
301 927 479 1009 ordiamur,
510 930 569 1004 cui,
600 930 683 1012 quod
715 929 879 996 Ciceronis
909 936 1015 996 aetate
1037 949 1131 995 unam
1154 931 1246 996 buius
1269 930 1319 996 dei

298 1031 408 1096 aedem
431 1031 550 1096 Romae
572 1031 669 1098 luisse
697 1034 812 1110 tradit,
847 1039 880 1098 et
901 1034 1059 1116 prioribus
1088 1039 1120 1098 et
1144 1033 1319 1099 novissimis

296 1134 492 1215 temporibus
507 1152 619 1216 parum
641 1134 715 1201 fidei
731 1141 780 1202 est
800 1137 964 1202 tributum.
998 1135 1139 1200 Fuerunt
1151 1137 1245 1216 enim,
1265 1136 1319 1217 qui

296 1237 329 1301 in
346 1236 515 1318 Capitolio,
540 1239 579 1302 ad
602 1247 727 1319 portam
744 1238 916 1320 Capenam,
941 1239 1017 1321 quin
1039 1239 1134 1304 etiam
1156 1241 1189 1303 in
1211 1244 1319 1304 monte

296 1339 451 1407 Vaticano
474 1343 595 1425 templa
616 1341 712 1408 luisse
735 1339 938 1408 affirmarent.
994 1342 1058 1407 Sed
1081 1360 1174 1422 quarn
1196 1342 1318 1407 levibus

298 1445 491 1525 argumentis
512 1446 572 1511 nisi
601 1446 633 1510 id
655 1450 871 1527 proponerent
895 1443 929 1510 0.
945 1443 995 1510 rr.
1011 1437 1241 1526 Hermannus²l
1264 1444 1318 1508 de-

296 1549 491 1612 monstravit.
546 1549 652 1613 Etiam
686 1547 720 1615 0.
744 1548 781 1613 0.
805 1543 1009 1626 bluellerus3)
1040 1545 1229 1612 refellendus
1259 1552 1318 1628 est,

298 1651 414 1732 quippe
436 1652 489 1731 qui
512 1649 551 1716 ab
568 1652 704 1716 Asconio
729 1669 838 1716 verum
862 1669 899 1716 eo
924 1651 994 1715 loco
1017 1650 1100 1714 tradi
1116 1668 1232 1730 negare
1254 1669 1317 1714 non

295 1751 497 1833 dubitaverit,
525 1758 558 1818 et
579 1753 657 1819 alios
679 1754 712 1817 in
734 1754 869 1818 similem
893 1771 1032 1818 errorem
1059 1752 1208 1818 incidisse
1237 1750 1319 1816 inira

296 1855 481 1922 videbimus.
524 1845 528 1856 ’

380 1957 549 2024 Maximam
561 1960 669 2024 attulit
683 1958 913 2040 difficultatem,
929 1959 1012 2039 quod
1025 1958 1133 2023 Livius
1149 1958 1189 2022 de
1204 1956 1315 2039 tribus,

295 2079 375 2143 quae
399 2061 517 2128 fuerint
538 2063 657 2128 liberae
686 2065 732 2128 rei
757 2062 904 2144 publicae
927 2061 1134 2144 temporibus,
1161 2059 1315 2141 Apollinis

295 2165 421 2246 templis
443 2165 529 2246 loqui
551 2167 685 2231 videtur.
746 2166 879 2232 Omissis
901 2167 1027 2231 interim
1062 2165 1125 2244 eis,
1166 2182 1246 2244 quae
1276 2161 1316 2227 ad

188 2289 192 2296 “
295 2268 424 2332 tertium
455 2269 608 2347 attinent,
642 2269 716 2348 quid
747 2268 786 2334 de
808 2268 910 2351 primo
933 2274 967 2332 et
989 2268 1089 2332 altero
1113 2266 1316 2332 statuendum

294 2371 345 2449 sit,
368 2371 539 2438 videamus.
1029 2364 1032 2370 ’

380 2475 490 2540 Tradit
513 2475 596 2539 enim
612 2474 665 2539 ille
687 2474 824 2555 scriptor
837 2493 896 2554 pro
919 2474 1098 2537 valetudine
1113 2474 1222 2554 populi
1244 2472 1316 2536 huic

296 2577 355 2643 deo
389 2579 500 2642 aedem
538 2595 607 2643 esse
637 2581 743 2640 votam
782 2574 1029 2658 (1.111,25,3)
1062 2596 1090 2641 1.
1120 2572 1255 2661 3211433
1285 2579 1318 2638 11

296 2681 474 2746 dedicatam
503 2681 538 2765 (l.
571 2680 626 2760 IV,
656 2677 707 2754 29,
737 2678 771 2758 7)
811 2697 839 2743 1.
871 2679 1007 2766 321429
1038 2680 1169 2744 absente
1197 2677 1318 2758 collega

295 2783 363 2849 sine
386 2789 471 2849 sorte
493 2804 513 2849 a
536 2782 572 2850 0.
589 2781 670 2848 lulio
694 2784 833 2849 consule.
878 2783 1002 2849 Deinde
1025 2782 1197 2848 secundum
1221 2780 1317 2844 alium

294 2885 364 2950 Livi
388 2887 495 2952 locum
517 2885 633 2966 (ivn,
649 2886 702 2968 20,
718 2887 752 2971 9)
775 2887 952 2969 legionibus
975 2905 994 2951 a
1015 2885 1049 2952 T.
1073 2885 1193 2950 Manlio
1217 2884 1316 2948 dicta·

294 2993 365 3053 tore
407 3008 424 3053 e
454 2988 569 3056 finibus
601 2989 797 3057 Faleriorum
830 2990 918 3055 urbis
958 3009 985 3053 a.
1016 2986 1155 3073 4011353
1183 2988 1316 3052 Romam

296 3092 437 3157 reductis
469 3093 625 3174 reliquum
659 3095 731 3158 anni
774 3095 871 3159 muris
904 3092 1106 3174 turribusque
1138 3088 1316 3156 reficiendis

299 3200 520 3276 consumptum
543 3202 576 3261 et
598 3198 693 3262 aedes
716 3196 870 3279 Apollinis
894 3196 1040 3261 dedicata
1062 3200 1120 3260 est.

365 3381 386 3452 1)
406 3382 449 3438 Ad
476 3385 533 3438 011.
561 3384 590 3437 in
613 3390 677 3452 toga
703 3384 782 3438 cond.
800 3384 869 3438 haec
888 3383 1002 3438 adnotat
1029 3397 1055 3450 p.
1075 3381 1108 3437 91
1126 3381 1211 3450 (01.)ε
1255 3381 1317 3449 „Ne

295 3475 388 3523 tamen
406 3471 519 3538 erretis,
543 3469 615 3537 quod
632 3469 677 3524 his
702 3470 871 3536 temporibus
895 3469 977 3524 aedes
996 3469 1136 3537 Apollinis
1160 3469 1190 3521 in
1208 3468 1316 3522 Palatio

294 3553 348 3610 fuit
371 3555 453 3624 (siti)
476 3555 663 3623 nobilissima,
687 3553 852 3609 admonendi
878 3555 959 3622 estis,
984 3569 1039 3608 non
1056 3554 1129 3608 banc
1148 3570 1164 3608 a
1182 3553 1316 3608 Cicerone

296 3639 464 3709 significari,
490 3647 587 3708 utpote
611 3657 692 3708 quarn
715 3647 779 3709 post
802 3647 918 3694 mortem
942 3639 1027 3694 etiam
1052 3639 1194 3695 0111111111
1219 3640 1315 3693 multis

296 3727 378 3779 annis
397 3726 547 3794 imperator
565 3728 679 3795 Caesar,
707 3740 787 3793 quem
805 3741 879 3780 nunc
899 3725 991 3780 divum
1008 3727 1164 3794 Augustum
1189 3725 1316 3792 dicimus,

294 3817 358 3878 post
369 3811 512 3866 Actiacam
532 3813 675 3866 1111111111
688 3811 799 3866 iecerit:
820 3811 868 3866 sed
886 3811 964 3866 illam
974 3811 1165 3878 demonstrari,
1184 3827 1254 3878 quae
1273 3817 1316 3865 est

295 3902 398 3951 extra
414 3904 550 3965 portam
571 3898 843 3967 Carmentalem,
868 3898 968 3952 inter
992 3897 1102 3952 iorum
1121 3896 1316 3951 Olitorium

295 3988 328 4036 et
356 3983 488 4037 circum
520 3983 743 4050 Flaminium
780 3999 818 4038 ea
850 3984 940 4037 euim
967 3981 1051 4040 sola
1081 3989 1152 4038 tum
1185 3983 1314 4038 demum

295 4068 419 4122 Romae
436 4056 620 4137 Apollinis
639 4069 769 4124 aedes.“

364 4151 387 4222 ²)
405 4154 448 4208 De
465 4155 526 4208 loco
544 4155 684 4223 Apollinis
707 4155 737 4209 in
756 4155 878 4210 carmine
896 4155 994 4210 Horati
1022 4156 1158 4210 saeculari
1175 4170 1220 4223 pp.
1238 4155 1315 4210 4-9.

365 4237 389 4307 3)
408 4255 432 4294 v.
450 4240 585 4309 Bottiger,
603 4238 788 4309 Arclrtologie
805 4259 831 4295 u.
849 4241 942 4295 Kunst
960 4241 980 4310 I,
999 4242 1024 4308 1,
1042 4240 1085 4297 89.
