3180 4870
694 313 904 388 ...53-

378 488 502 556 Deinde
525 487 656 557 casseu
685 499 748 556 nou
777 491 839 556 hoc
868 499 963 556 curae
991 491 1099 573 fuisse,
1131 497 1167 557 ut
1188 489 1240 557 del
1262 504 1316 557 ue·
1402 573 1404 576 Ι

292 593 387 676 glecti
410 591 622 676 placarentur,
645 595 706 659 hac
727 607 764 658 ex
786 608 821 658 re
844 594 996 676 sequitur,
1020 595 1103 675 quod
1127 595 1316 676 numinibus,

292 691 373 779 uuae
395 697 426 761 ln
453 695 611 779 prioribus
634 697 716 762 ludis
738 703 829 762 eram
850 697 1022 771 celebrata,
1055 696 1087 761 in
1109 697 1192 762 ludis
1215 697 1255 761 ab
1277 714 1316 762 eo

292 799 361 882 ipso
387 798 481 866 editis
503 814 648 880 nragnam
665 799 732 864 sine
749 796 845 864 dubio
861 799 1016 865 honorum
1032 801 1156 881 partem
1179 800 1317 880 dempsit

290 903 479 968 introductis
499 900 531 967 in
547 901 752 984 praecipuum
768 901 873 967 locum
889 903 1012 968 duobus
1036 900 1105 968 aliis
1127 899 1316 975 numinibus,

292 1010 372 1088 quae
389 1012 462 1071 bute
479 1017 552 1070 eum
568 1006 686 1087 primas
701 1010 810 1086 partes
826 1006 912 1070 certe
928 1021 991 1069 nou
1007 1006 1153 1085 agebant,
1173 1004 1316 1086 Apolllue

291 1113 386 1190 atque
409 1105 521 1173 Diana.
537 1106 560 1188 ¹)
617 1108 743 1173 Priores
774 1107 857 1172 eninr
887 1107 963 1182 ludi,
997 1108 1050 1189 qui
1080 1106 1163 1190 apud
1186 1108 1315 1173 nasum

290 1231 315 1276 s,
338 1221 366 1276 r.
397 1215 555 1276 terentum
586 1213 628 1293 (p.
652 1209 730 1293 350)
761 1211 847 1292 „ludl
874 1211 1053 1276 saeculares
1076 1211 1159 1276 Ditis
1186 1211 1318 1292 patrisr‘

290 1310 373 1394 apud
397 1311 607 1378 Censorinum
631 1310 745 1394 (XVII,
778 1311 813 1392 8)
845 1311 929 1393 „ludi
951 1313 1114 1378 Tarentini
1137 1308 1204 1376 Diti
1233 1313 1316 1393 petri
1349 1381 1353 1390 ,

290 1417 322 1480 et
335 1413 543 1498 Proserpinae
554 1413 653 1480 iacti‘
670 1415 880 1498 appellantur,
899 1416 1038 1480 instituti
1060 1415 1316 1480 averruncandae

290 1521 386 1584 causa
408 1516 539 1585 deorum
563 1517 629 1582 irae
652 1517 702 1582 vel
724 1519 877 1600 prodigiis
899 1519 1063 1584 nuntiatae
1095 1521 1145 1584 val
1166 1517 1315 1584 immissis

291 1619 525 1686 calamitatibus
548 1615 755 1703 explicatae²)
778 1622 827 1686 his
849 1621 1031 1687 numinibus
1048 1621 1157 1687 inieris
1180 1622 1261 1705 (Diti
1277 1639 1314 1688 ac

289 1723 512 1807 Proserpinae)
534 1729 589 1790 ant
611 1725 740 1790 omnino
762 1729 817 1789 aut
838 1724 1008 1806 praecipue
1031 1731 1122 1790 erunt
1141 1725 1315 1802 scoticum

288 1829 320 1891 in
342 1827 426 1892 ledis
447 1825 620 1892 aansare
643 1825 725 1893 datis
741 1827 886 1894 Zosimus
909 1827 1054 1892 ultimum
1070 1832 1194 1918 tautum
1209 1829 1313 1894 locum

289 1929 408 1994 eisdem
441 1930 572 1996 tribuat.
584 1927 610 2007 ⁸)
666 1930 748 2008 Quin
782 1931 878 1996 etiam
908 1946 1038 2012 prorsus
1060 1933 1224 2012 neglectos
1241 1949 1315 1998 ‘esse

288 2025 378 2098 novis
424 2032 455 2097 in
493 2031 585 2099 ludis
614 2031 735 2115 priscos
771 2033 843 2099 illos
877 2021 1119 2099 Terentiuomm
1153 2037 1315 2116 praesides

289 2129 434 2200 Kuelrnio
452 2131 479 2216 ⁴)
503 2135 649 2201 assentiri
672 2135 817 2217 equidem
842 2147 904 2200 uon
929 2136 1049 2216 dubito,
1070 2138 1208 2218 primum
1230 2139 1315 2220 quotl

287 2243 398 2303 versus
413 2236 567 2321 Sibyllini,
591 2239 655 2319 qui,
674 2239 833 2320 quomodo
856 2239 969 2320 singuli
990 2239 1041 2304 uei
1055 2239 1119 2304 sint
1134 2242 1314 2323 venerandi,

286 2337 514 2421 praescribant
536 2341 576 2405 rie
592 2339 667 2406 Dite
690 2347 722 2406 et
737 2341 929 2422 Proserpina
950 2348 1068 2423 tacent,
1091 2342 1207 2408 deiude
1230 2342 1314 2425 quod
1423 2402 1426 2408 ,

288 2479 330 2488 -
341 2441 402 2508 boc
413 2441 495 2524 ngn
506 2441 687 2508 Kuelrnium
700 2481 742 2489 —
757 2461 798 2508 ne
814 2444 966 2511 Horatius
981 2446 1108 2526 quidem
1126 2445 1158 2509 in
1176 2447 1315 2513 carmine
1375 2471 1377 2475 ·

287 2545 441 2610 saeculari
465 2563 520 2612 eos
543 2551 781 2612 commemorat.
825 2549 973 2611 Atesim
997 2548 1048 2612 blc
1063 2553 1160 2628 poeta
1187 2559 1314 2614 carmen

286 2644 373 2726 iecit,
391 2662 452 2729 quo
475 2647 527 2712 uei
550 2648 690 2732 supern)
714 2649 801 2714 etin
826 2650 936 2730 primis
959 2651 1073 2731 Apollo
1097 2656 1193 2732 atque
1209 2641 1312 2716 Diona

285 2751 452 2833 intemplo
469 2751 521 2816 dei
536 2749 721 2832 Palatinos)
737 2759 773 2818 ut
787 2754 820 2816 in
836 2759 999 2834 posterum
1014 2753 1148 2834 imperio
1168 2753 1310 2820 Romano

286 2851 432 2919 benevoli
464 2862 580 2925 essent,
617 2856 765 2936 precibus
797 2856 970 2921 adirentur.
1027 2855 1134 2932 Quid?
1169 2857 1196 2921 si
1229 2863 1262 2920 et
1294 2873 1314 2922 a

287 2953 395 3022 Parcis
428 2964 460 3022 et
493 2954 670 3038 alaburc,
708 2948 843 3040 denique
877 2959 917 3023 ab
951 2959 1097 3023 omnibus
1133 2959 1313 3026 numinibus

285 3057 367 3139 petit
401 3059 545 3141 salutem,
583 3079 664 3143 quae
698 3067 734 3126 ut
766 3063 915 3145 precibus
936 3063 1170 3142 invocarentur,
1205 3080 1314 3128 versus

287 3167 491 3192 -ιΙὺιΗι-κ--ι-ιο-

357 3230 379 3298 ¹)
397 3230 599 3296 Marquarduus
620 3235 648 3298 ll.
668 3248 689 3286 ο.
710 3231 754 3298 vl,
771 3238 821 3286 376
839 3247 865 3286 n.
879 3234 903 3300 l)
922 3233 976 3284 iam
990 3231 1051 3284 iude
1062 3231 1099 3282 ¹ab
1111 3247 1182 3284 auno
1202 3233 1311 3299 oboluit

289 3313 413 3368 ludorum
448 3317 625 3370 saecularium
652 3317 763 3372 honoris
791 3318 938 3384 participes
964 3317 1047 3370 fuisse
1075 3317 1231 3384 Apollinem
1249 3317 1312 3370 Dia·

285 3415 400 3467 namque
427 3391 554 3470 coniecit,
579 3409 724 3469 propterea
748 3393 819 3470 quod
842 3401 1008 3469 Augustinus
1031 3401 1078 3470 (de
1101 3403 1172 3455 civit.
1196 3401 1239 3455 dei
1264 3393 1313 3470 111,

289 3483 332 3553 18)
357 3485 437 3539 ctiam
466 3488 530 3540 lunt
559 3488 630 3540 inter
662 3487 738 3542 ludos
766 3487 920 3542 saeculares
946 3491 973 3540 et
995 3483 1158 3542 Tarentinos
1180 3488 1248 3544 lecit
1273 3487 1313 3542 di·

285 3570 416 3634 scrimeu;
434 3572 501 3626 certi
520 3587 583 3624 vero
601 3572 670 3626 nihil
690 3573 753 3627 licet
770 3573 860 3626 stetui.

354 3653 377 3724 ²)
396 3657 430 3709 cl.
451 3657 649 3712 Mitscherlichi
668 3657 703 3710 ad
722 3658 789 3711 Hor.
807 3657 839 3712 Τ.
859 3658 894 3725 ll,
915 3665 963 3710 643
982 3669 1037 3711 uot.

355 3739 378 3808 ³)
401 3743 498 3796 Zosim.
517 3743 553 3810 11,
573 3751 602 3795 b:
638 3740 764 3806 ‚siricum
793 3742 824 3797 ab
846 3743 896 3798 Διὶ
914 3743 962 3798 καὶ
979 3737 1060 3820 Ἥρᾳ
1085 3745 1132 3799 καὶ
1153 3739 1311 3800 Ἀπόλλωνι

286 3827 334 3880 nol
357 3831 446 3896 Λητοῖ
476 3829 524 3883 καὶ
549 3823 693 3898 Ἀρτέμιδι
725 3830 774 3883 καὶ
801 3828 917 3896 προσέτι
944 3849 973 3898 γε
1000 3833 1130 3899 Μοίραις
1156 3831 1203 3886 καὶ
1220 3829 1309 3886 Εἰλει-

285 3913 386 3974 bviam
403 3914 451 3967 ool
469 3912 597 3983 Δήμητρι
615 3917 663 3969 eol
674 3908 764 3986 ’Ἅιδῃ
779 3917 829 3969 καὶ
847 3915 1043 3988 nepospsopc·
1410 3922 1412 3927 '

352 3997 377 4061 ⁴)
398 3999 414 4051 l.
432 4013 456 4050 c.
475 4017 500 4066 p
520 4005 553 4053 38
571 4015 626 4066 seq.

347 4083 378 4151 1ὖ)
394 4085 430 4137 bl,
446 4083 513 4138 lior.
525 4101 608 4140 earm.
620 4101 691 4140 usae.
705 4103 727 4140 n
741 4092 776 4142 tu
787 4101 878 4154 sequ:

465 4210 481 4238 ‚,
491 4171 620 4238 Quaeque
632 4187 680 4226 vos
692 4172 778 4227 bobus
790 4180 939 4227 venaretur·
951 4173 1048 4230 elbis“
1066 4182 1117 4227 etc.-

352 4253 377 4327 ὓ)
396 4255 511 4328 Steiner‚
529 4257 721 4315 commentatio
740 4257 773 4313 de
791 4258 859 4319 Hor.
881 4274 962 4316 carm.
981 4275 1052 4314 saec.
1071 4276 1097 4332 p.
1116 4266 1139 4313 3.
