3180 4870
719 302 930 367 ,pq-

313 475 498 557 patentibus
526 475 640 554 ianuis,
674 471 948 556 promisotu)oque
978 491 1037 537 usu
1067 491 1172 538 rerum
1205 474 1346 538 omnium

312 579 344 642 in
367 579 537 660 propatulo
560 577 666 660 posito
689 583 783 643 natos
805 579 994 658 ignotosque
1018 577 1135 657 passim
1152 576 1290 642 advenas
1312 577 1345 641 in

311 681 484 762 hospitium
520 681 632 746 ductos
666 679 821 759 lecerunt,
867 685 899 745 et
939 695 1010 744 cum
1048 679 1185 744 inimicis
1218 694 1344 760 quoque

311 783 447 866 benigne
470 802 507 848 ao
531 784 668 848 comite'r'
686 799 853 848 sermones
877 781 1014 859 habitos,
1044 779 1155 861 iurgiis
1177 799 1214 845 ac
1236 781 1344 860 litibus

310 887 553 968 temperatum:“
569 882 601 965 3)
637 875 709 948 Nun
733 889 783 950 est
797 885 896 966 igitur
910 883 1034 961 minum,
1058 881 1344 964 quodperegnnus

308 987 370 1053 ille
386 971 498 1060 cultus,
528 988 582 1069 qui
605 987 740 1052 manime
763 987 812 1051 ad⁴
826 982 1007 1069 ¹Apollinem
1030 984 1222 1066 pertinebat,
1245 985 1343 1050 luerit

309 1090 520 1156 stabiliendae
557 1091 644 1154 intel*
673 1089 834 1171 patiioios
859 1095 891 1154 et
924 1088 1068 1170 plebeios
1101 1087 1301 1166 concordiae,
1316 1081 1345 1169 ²)

308 1194 458 1275 quoniam
492 1191 658 1275 dignitatis
694 1191 811 1273 gradus
837 1189 975 1257 omnino
1014 1190 1159 1256 tollebat.
1221 1189 1346 1271 incepit

307 1299 413 1361 autem
435 1296 492 1360 illa
514 1295 701 1376 exaequatio
724 1295 765 1358 in·
779 1294 877 1359 rebus
899 1294 1015 1359 saeris:
1031 1293 1070 1356 iu'
1086 1291 1224 1373 collegio
1237 1307 1342 1357 sacer-

307 1395 417 1464 dotum
440 1397 596 1481 Apollinis
617 1399 637 1462 i.
662 1391 743 1463 eli
779 1397 919 1462 virumn
957 1396 1058 1461 samis*
1089 1395 1246 1460 faciundis
1278 1395 1345 1459 iam

305 1499 379 1565 inne
403 1517 427 1565 a*
444 1497 723 1581 legibus'llioiniis*
734 1501 877 1567 totidem·
892 1497 1070 1564 invenimus
1085 1497 1230 1580 plebeios
1245 1505 1341 1579 atque

304 1603 468 1685 patncios,
501 1609 534 1667 et
562 1605 727 1684 sexaginta
756 1604 886 1686 septem
910 1603 1000 1692 anuis
1022 1609 1096 1683 post
1119 1607 1167 1683 (ao
1184 1599 1361 1683 inllnnni

305 1706 377 1786 lege
401 1697 537 1786 Ogulnia
563 1704 783 1787 pontificumi)
817 1723 1037 1788 augurumque·
1064 1702 1198 1787 collegia
1219 1701 1343 1786 plebeis

199 1863 203 1874 .
304 1797 351 1874 ita
374 1807 570 1888 aperiuntur,
588 1813 624 1874 ut
646 1815 757 1876 eorum
778 1827 830 1874 res
853 1808 892 1873 en
912 1807 1142 1890 legisquldem
1159 1813 1344 1891 praeceptis

305 1914 391 1975 esset
423 1911 578 1992 superior.
591 1908 616 1990 ⁴)
649 1931 696 1958 -’-’
725 1907 792 1976 lieo
826 1911 915 1993 pauni
945 1910 1134 1976 laciendum·
1156 1921 1214 1994 est,
1252 1917 1337 1996 quod

303 2011 426 2098 Volusi,
443 2015 531 2078 onius
547 2019 639 2078 sacra
653 2011 891 2096 habebat'geus
908 2013 999 2094 lulla,
1013 2012 1039 2096 ⁵)
1055 2013 1133 2097 asyli
1155 2015 1218 2079 vim
1240 2015 1338 2084 fuisse

303 2109 449 2196 apparet,
488 2117 561 2198 qnia
589 2128 658 2180 una
690 2127 769 2184 cum
795 2115 915 2199 templa
948 2117 1044 2182 lanius
1076 2117 1136 2182 del
1151 2119 1236 2183 int'er
1258 2121 1338 2186 noos

301 2218 393 2284 lucos
413 2209 570 2300 reiugium
593 2225 662 2284 er'st
683 2221 854 2285 homiuum*
878 2217 1105 2287 maleficorum.
1134 2219 1199 2287 ot
1229 2231 1337 2289 autem
1366 2279 1368 2284 .

300 2320 364 2488 tna
385 2321 620 2386 laneo-numina
636 2325 728 2388 erant
747 2323 902 2388 laniantia
922 2329 1019 2405 atque
1042 2325 1211 2406 explentia,
1235 2327 1281 2392 sic
1303 2327 1341 2391 ln

300 2427 370 2488 tota
398 2435 505 2494 rerum
535 2425 606 2506 gest
607 2419 702 2489 ar'nni
727 2425 792 2492 hist
778 2427 862 2492 tolia
891 2421 1062 2494 laniensem
1091 2429 1206 2510 expian
1207 2435 1335 2514 temque

300 2543 371 2591 sese
400 2533 544 2616 piaest'at
572 2543 657 2609 gens
677 2523 759 2592 iulia
760 2525 805 2609 ,3)
838 2533 880 2594 ut
905 2531 1001 2596 etiam
1025 2531 1184 2670 Apollinis
1210 2530 1335 2599 indoles

301 2639 381 2693 cum
400 2621 498 2694 Iuliis
510 2631 589 2695 mir'e
607 2635 775 2712 congruat.
944 2633 948 2640 ’

317 2729 542 2809 Quoniam
575 2733 692 2798 net
637 2739 692 2798 nat
692 2739 751 2797 ur‘a
779 2721 933 2816 Apollinis
966 2754 1003 2802 ao
1035 2735 1077 2802 ne
1100 2739 1186 2803 cultu
1209 2735 1286 2804 eius
1298 2739 1332 2803 in

298 2833 480 2898 universnm
514 2835 655 2916 egimus·
684 2835 865 2918 singillitim
894 2839 1025 2920 proprio
1049 2841 1216 2922 capitone
1249 2841 1332 2906 hunis

300 2934 505 3016 disputemus,
543 2937 698 3020 neglectis
726 2939 875 3022 notionis
889 2939 914 3022 3)
952 2947 1065 3024 utpote
1100 2943 1160 3024 qui·
1187 2945 1329 3011 minores

298 3035 364 3102 sint
383 3035 530 3107 habendi
935 3070 938 3078 ⁷
1270 3081 1273 3086 ·

298 3220 350 3272 que
368 3221 401 3259 ex
420 3209 530 3262 conlata
547 3209 617 3277 stipe
635 3209 801 3275 laciendum,
824 3211 864 3264 ita
887 3221 917 3266 ut
940 3213 1087 3269 libertinae
1112 3218 1233 3292 quoque,
1260 3233 1328 3284 quae

298 3291 381 3359 longa
400 3302 473 3346 veste
492 3301 640 3362 uterentur,
658 3295 687 3347 in
704 3306 772 3349 eam
781 3311 838 3351 rem
856 3300 999 3365 pecuniam
1017 3303 1288 3357 sumministrareut.“

367 3378 469 3445 ¹)Liv
487 3379 520 3447 V,
540 3387 579 3448 13,
600 3387 703 3434 lats.

365 3460 446 3531 ².)ss
465 3464 634 3534 Langluml.
654 3482 676 3520 c.
694 3465 728 3534 13,
747 3473 806 3523 443.

365 3547 387 3613 3)
410 3548 453 3602 De
471 3549 627 3616 pontificum
650 3566 760 3606 numero
783 3555 818 3608 oi.
844 3556 1016 3624 Langiuml.
1035 3574 1057 3610 ιι
1083 3558 1117 3624 13
1138 3553 1184 3613 3⁷¹1
1210 3571 1237 3615 et
1256 3562 1325 3614 Gon

294 3636 373 3701 ziam,
391 3633 449 3688 Das
465 3635 628 3702 patrioisohe
645 3637 758 3706 Romp.
777 3643 818 3692 93.
907 3659 909 3664 ’
994 3653 1002 3658 ·

362 3717 386 3786 3)
404 3719 564 3789 Mommsen,
582 3721 660 3776 Rom.
678 3721 917 3794 Forsehungenp.
937 3733 977 3781 80.

364 3803 386 3870 3)
405 3805 532 3858 anlerl
552 3821 574 3860 c.
594 3822 620 3920 ιι.
639 3813 690 3860 334
709 3822 782 3875 seqq

362 3887 386 3957 3)
405 3889 536 3944 Ztllerl:
553 3907 575 3944 e.

363 3975 446 4042 ⁷)De
464 3975 513 4086 ills
522 3975 594 4030 ludis
613 3979 648 4031 ci
665 3977 1068 4047 Faleolaennensmengesch
1089 3983 1124 4052 ΙΙ,
1145 3985 1195 4039 ool
1214 4001 1287 4052 seqq
