3180 4870
648 271 957 354 -w-so„=

244 467 320 526 tunc
351 457 478 524 omnino
509 462 618 524 tacent
648 457 688 522 de
708 457 866 539 Apolline.
924 456 987 522 Sed
1011 465 1059 522 est
1081 456 1178 538 aliud,
1212 474 1274 538 quo

244 562 285 630 ad
315 558 411 626 fidem
435 558 546 626 Servio
578 560 757 632 habendam
787 561 991 626 adducamur.
1034 559 1168 624 Veneris
1190 558 1275 625 enim

244 670 278 727 et
300 662 457 744 Apollinis
478 663 594 743 cultus,
627 663 681 746 qui
703 663 852 730 Leucade
873 664 908 727 in
933 661 1045 741 insula,
1076 661 1275 742 Ambraciae,

244 766 338 833 Actio
369 767 401 830 in
431 767 651 846 promontorio
682 771 751 830 arte
780 772 855 832 sunt
877 765 1048 846 coniuncti,
1060 763 1083 842 ¹)
1117 764 1149 828 in
1172 764 1275 830 varias

242 874 351 951 partes
373 869 458 933 inter
480 885 514 932 se
537 868 724 952 confingunt
746 874 780 935 et
802 887 873 934 cum
889 869 960 934 loco
976 872 1072 950 atque
1089 865 1275 932 condicione

242 973 347 1054 gentis
373 970 473 1037 Iuliae
504 971 549 1034 ita
579 971 781 1052 conveniunt,
819 977 856 1035 ut
885 971 959 1036 huic
989 970 1051 1052 ipsi
1078 969 1166 1051 genti
1193 968 1274 1033 haec

242 1093 334 1142 sacra
363 1074 403 1139 ab
432 1073 525 1139 initio
552 1072 695 1138 tribuere
717 1072 804 1140 baud
826 1073 1004 1158 displiceat.
1048 1072 1166 1144 Venus¹
1179 1071 1275 1160 enim,

241 1195 322 1258 quae
353 1176 503 1253 Romanis
533 1191 596 1240 non
627 1180 697 1241 erat
727 1194 765 1242 ex
794 1172 1197 1264 numinibuspublicorum
1225 1192 1274 1240 sa-

243 1273 413 1363 crorum2)
434 1279 606 1360 praecipue
622 1278 725 1360 plebis
743 1284 802 1356 ¹est
819 1278 880 1343 dea
901 1297 1004 1362 neque
1020 1278 1113 1344 huius
1134 1277 1275 1358 propria,

242 1382 298 1448 sed
328 1400 460 1452 munere
490 1381 632 1462 iungitur
661 1381 932 1463 reconciliatricis,
966 1399 1048 1462 quae
1076 1380 1274 1464 plebeiorum

241 1485 291 1554 ius
323 1485 468 1550 naturale
507 1490 540 1558 et
580 1485 787 1566 patriciorum
827 1485 878 1550 ins
918 1489 1040 1550 certum
1073 1482 1273 1565 rigidumque

241 1592 465 1668 compensaret
494 1593 589 1668 atquc
628 1591 829 1670 exaequaret.
842 1583 867 1666 ³)
924 1585 1026 1652 Huius
1060 1586 1157 1668 igitur
1194 1583 1273 1651 dece

239 1691 273 1754 in
294 1690 397 1756 tutela
420 1697 479 1766 est,
494 1694 530 1757 ut
552 1689 600 1782 ita
615 1689 729 1772 dicam,
745 1689 931 1781 bimembris
953 1689 1066 1756 civitas
1080 1689 1234 1766 Romana,
1246 1683 1273 1770 4)

238 1793 271 1860 in
288 1793 527 1861 dissolutionem
542 1810 638 1874 saepe
653 1811 763 1876 prona.
808 1793 896 1860 Haec
919 1792 1031 1860 eadem
1046 1789 1274 1858 reconciliandi

241 1915 348 1978 opera,
375 1896 533 1980 Apollinis
552 1903 687 1966 naturae
710 1897 846 1981 maxime
869 1901 1093 1976 consentanea,
1126 1912 1184 1960 uos
1207 1910 1271 1958 nou

238 1997 319 2082 fugit
340 1999 607 2082 lectisterniomm
631 1999 885 2084 contemplantes
907 1999 1063 2074 rationem
1090 2016 1127 2063 ac
1154 1995 1271 2080 suppli-

239 2103 409 2184 cationum,
426 2120 507 2182 quae
524 2102 570 2168 eis
585 2102 774 2180 introductis
788 2100 909 2168 fiebant
924 2099 1119 2168 Graecorum
1132 2100 1205 2166 ritu.
1233 2099 1271 2166 Id

241 2213 348 2269 autem
363 2204 475 2268 harum
491 2205 657 2290 proprium
672 2211 752 2284 erat,
767 2209 804 2268 ut
818 2204 1021 2282 interessent,
1032 2202 1271 2284 quibuscunque

238 2307 414 2388 videbatur.
471 2305 552 2375 Cum
580 2307 666 2392 enim
697 2306 884 2390 quibusdam
897 2383 900 2392 ,
914 2309 1013 2372 sacris
1035 2307 1190 2372 interesse
1220 2304 1271 2370 hic

241 2411 292 2474 vel
306 2410 368 2476 ,ille
389 2429 409 2474 a
431 2409 545 2492 lictore
566 2409 800 2492 prohiberetur,
813 2408 839 2491 ⁵)
860 2428 931 2477 cum
951 2409 988 2496 in
1001 2409 1071 2474 aliis
1085 2407 1272 2491 supplicati·

238 2513 464 2596 onibusplebs
486 2513 535 2579 ius
557 2511 756 2587 sacrificandi
778 2531 842 2583 non
856 2513 1000 2594 baberet,
1011 2508 1039 2588 il
1055 2512 1087 2576 in
1102 2499 1152 2577 his
1167 2509 1263 2578 aedes

241 2635 351 2682 sacrae
374 2633 484 2681 omnes
505 2621 575 2680 toto
589 2615 676 2680 ‘urbe
698 2615 933 2698 aperiebantur,
943 2613 968 2700 ⁷)
995 2633 1033 2684 ac
1055 2614 1268 2697 'supplicatum

239 2719 330 2786 ibant
364 2737 434 2786 cum
469 2719 655 2800 coniugibus
688 2718 859 2800 liberisque
895 2737 957 2784 non
970 2718 1113 2784 ..urbana
1144 2723 1269 2782 tantum

240 2822 419 2904 multitudo,
455 2826 512 2891 sed
535 2825 631 2906 etiam
653 2821 880 2908 agrestium38)
914 2823 991 2904 quin
1021 2821 1118 2888 etiam
1140 2817 1270 2885 definite

240 2925 313 2991 libri
343 2926 485 3010 Sibyllini
518 2927 646 3010 plebem
686 2928 732 2993 eis
766 2926 926 2994 adhibent
938 2924 963 3008 9)
1022 2925 1105 2988 ltem
1136 2923 1169 2987 iu
1202 2922 1270 2989 dies

244 3028 507 3096 lectisterniomm
530 3031 645 3096 vinctis
661 3031 871 3095 demebantur
885 3030 1021 3108 vincula,
1037 3035 1071 3093 et
1087 3033 1177 3110 „tota
1190 3020 1280 3112 urbe.

245 3151 444 3159 ——n—ffl—

315 3201 338 3266 ¹)
357 3201 447 3270 Halon,
463 3200 551 3268 Sagw.
570 3199 644 3254 Stnd.
661 3215 688 3268 p.
708 3205 767 3254 454,

312 3283 336 3354 2)
355 3287 439 3354 Cuno,
458 3285 673 3354 Vorgescbichte
692 3284 817 3350 Romal,
838 3291 887 3340 218
904 3299 961 3354 seq.

309 3369 333 3438 3)
353 3371 473 3425 Klausen
493 3373 510 3425 l.
529 3387 553 3426 c.
572 3387 600 3440 p.
621 3377 678 3425 7‘26.

308 3455 333 3523 ⁴)
352 3458 444 3511 Zbllcr
463 3457 480 3510 l.
500 3472 522 3512 c.
541 3474 567 3525 p.
587 3463 644 3512 233.

310 3541 335 3608 5)
355 3541 428 3598 Fest.
446 3560 474 3610 p.
491 3549 533 3597 82.

310 3628 335 3695 6)
353 3629 412 3686 Liv.
430 3630 464 3697 X,
478 3637 519 3697 23,
538 3637 630 3683 8—10.

311 3712 335 3780 ⁷)
356 3715 415 3768 Liv.
434 3716 520 3782 XXX,
539 3725 578 3782 1⁷,
592 3721 618 3772 6.

312 3798 336 3868 8)
356 3800 415 3854 Liv.
434 3801 522 3866 XXII,
542 3808 583 3867 10,
602 3809 625 3856 8.

310 3882 334 3951 9)
353 3885 439 3940 Maur.
458 3889 513 3940 Sat.
531 3885 552 3954 1,
578 3893 602 3954 6,
623 3893 667 3942 132
694 3887 765 3955 „Sed
783 3893 878 3958 postea
896 3886 1086 3939 libertinorum
1108 3896 1215 3954 quoque
1238 3881 1270 3934 ii·

243 3969 287 4022 liis
304 3978 447 4038 praetexta
466 3985 595 4028 concessa
612 3979 655 4026 est
672 3987 707 4025 ex
724 3987 807 4028 causa
823 3971 882 4040 tali,
900 3986 981 4038 quam
992 3971 1029 4024 Μ.
1049 3969 1159 4024 Laelius
1181 3983 1269 4032 augur

241 4055 331 4122 affert,
349 4057 397 4123 qui
415 4057 488 4128 bello
507 4057 609 4111 Punico
627 4056 744 4114 secundo
763 4057 790 4110 ll
808 4059 881 4111 viros
899 4056 973 4124 (lege
991 4057 1016 4109 X
1038 4055 1122 4123 viros)
1145 4053 1211 4107 dicit
1233 4066 1269 4106 ex

242 4149 353 4196 senatus
371 4145 496 4197 consulto
514 4152 629 4211 propter
647 4142 736 4196 multa
749 4143 875 4210 prodigia
901 4142 985 4195 libros
1011 4140 1157 4210 Sibyllinos
1180 4138 1269 4192 adisse

243 4232 270 4278 et
288 4227 417 4294 inspectis
429 4228 472 4283 his
485 4233 633 4295 nuntiasse,
648 4229 675 4282 in
688 4226 824 4295 Capitolio
836 4228 1045 4295 supplicandum
1063 4226 1269 4282 lectisternium-
