3180 4870
103 692 163 731 Num
182 689 281 736 Delphos

91 759 178 800 miserit
201 759 295 806 'I'erqui-

98 831 151 870 nius
166 829 287 877 Superbus,

100 899 124 936 lu
137 897 210 936 medio
219 896 287 938 relin-

152 966 235 1014 quitur.

712 275 924 344 -20-.-

304 448 508 534 Spiuitarum
544 447 704 514 Caeritum
733 449 836 514 minus
857 449 1066 530 respicientes
1080 448 1106 536 ¹)
1129 452 1242 535 priscis
1264 453 1327 518 iam

301 551 497 633 temporibus
519 550 709 633 Delphicum
731 550 825 616 deum
846 551 995 616 dicuntur
1016 555 1220 622 consuluisse.

389 655 438 720 Ad
460 654 544 719 bunc
572 655 694 736 primus
716 653 902 736 Tarquinius
926 653 1088 736 Superbus
1116 655 1198 725 filios
1221 659 1328 724 scisci·

303 762 406 822 tatum
429 757 550 824 misisse
573 757 721 822 traditur.
734 752 761 838 2)
795 755 899 822 eausa
911 755 1080 838 legationis
1095 757 1224 840 fingitur
1238 761 1328 842 haec,

306 860 390 942 quod
412 865 561 942 portenta
583 864 616 923 et
637 860 760 926 somnia
783 859 955 942 eiecerint,
988 867 1024 926 ut
1045 880 1101 926 rex
1123 863 1230 928 domui
1252 881 1331 930 suae

304 965 450 1042 timeret3
466 963 575 1028 nidum
598 963 692 1041 euim,
716 981 810 1044 quem
832 965 864 1032 in
886 966 993 1046 palma
1014 965 1080 1030 alte
1102 965 1182 1030 duae
1205 965 1329 1046 aquilae

303 1067 387 1131 haud
402 1066 514 1147 procul
529 1085 548 1130 a
562 1067 650 1146 regia
660 1067 920 1148 construxissent,
933 1067 1139 1136 avulturibus
1151 1053 1327 1147 disiectum,

217 1237 220 1244 ,
303 1169 408 1252 pullos
438 1176 578 1250 necatos,
617 1175 766 1252 parentes
801 1171 948 1252 expulsos
983 1190 1062 1236 esse.
1076 1167 1101 1253 3)
1131 1207 1173 1218 -
1203 1170 1329 1248 Quanta

303 1269 382 1338 fides
410 1272 483 1337 huic
513 1273 766 1338 narratiunculae
796 1273 839 1338 sit
867 1273 1023 1353 habenda,
1057 1275 1228 1356 praecipue
1255 1274 1328 1338 inde

305 1375 425 1456 elucet,
456 1376 539 1456 quod
572 1376 692 1441 Romae
729 1394 793 1440 uon
830 1382 922 1440 erant
956 1373 1127 1460 palmae.⁴)
1193 1376 1330 1442 Exstant

304 1479 384 1550 aliae
414 1496 539 1560 quoque
569 1479 609 1542 de
639 1497 735 1544 causa
764 1478 857 1544 huius
886 1480 1051 1560 legationis
1073 1478 1218 1553 fabellae,
1251 1498 1328 1560 quas

305 1599 376 1653 cum
406 1582 446 1646 ad
476 1582 559 1646 mala
581 1581 688 1646 domui
710 1581 898 1662 'larqmniae
920 1583 1118 1648 imminentia
1138 1582 1328 1663 pertineant,

306 1704 325 1748 a
345 1685 576 1766 posterioribus
598 1685 778 1766 suppositas
801 1703 871 1750 esse
895 1704 1019 1766 censeo,
1040 1686 1093 1766 qui
1116 1692 1149 1750 et
1171 1684 1327 1766 explicare

305 1787 433 1868 vellent,
468 1806 530 1869 qua
559 1787 599 1852 de
630 1805 725 1853 causa
751 1789 835 1868 regis
857 1787 913 1853 filii
934 1788 1086 1868 legationi
1108 1787 1328 1871 praefuissent,

306 1895 339 1956 et
363 1891 532 1956 ostendere
554 1891 766 1970 studerent,a
787 1891 854 1956 deis
878 1891 1075 1956 calamitates
1092 1889 1214 1956 futuras
1229 1891 1329 1955 homi-

305 1993 398 2058 nibus
413 1993 535 2059 ratione
551 1993 657 2073 ahqua
670 1991 813 2059 indicari,
845 1993 979 2075 Propius
995 1994 1160 2058 adrerum
1176 1994 1329 2058 accedere

306 2097 464 2176 videntur,
487 2114 569 2178 quae
586 2095 671 2176 apud
686 2095 873 2177 Dionysium
897 2096 965 2178 (IV,
982 2097 1036 2176 69)
1053 2097 1173 2178 scripta
1187 2097 1331 2178 legimus,

201 2237 210 2246 -
307 2200 400 2264 deum
418 2217 487 2264 esse
503 2198 682 2265 consultum
697 2206 834 2280 propter
855 2206 979 2281 pestem
993 2201 1166 2280 praecipue
1182 2199 1331 2264 mulieres

118 2943 197 2981 Altera
211 2940 277 2980 cuins

95 3011 179 3052 mentio
192 3011 219 3048 fit
230 3008 271 3059 (ed
280 3019 299 3048 a.

104 3077 194 3126 66613119)
206 3076 292 3126 legatio

105 3147 129 3186 ln
143 3145 295 3192 suspicionem

148 3216 248 3253 vocatur.

307 2303 453 2384 gravidas
485 2308 661 2382 urgentem.
716 2303 799 2367 Num
834 2307 939 2366 autem
973 2301 1089 2383 legatio
1122 2301 1176 2364 illa
1204 2303 1330 2365 omniuo

308 2406 349 2471 sit
377 2404 462 2486 ficta,
497 2407 669 2471 decernere
698 2424 761 2470 nou
790 2424 976 2487 possumus3
1016 2412 1102 2470 certe
1126 2423 1163 2469 eo
1186 2410 1330 2485 tempore

308 2510 466 2591 Delphica
481 2516 568 2574 terra
590 2515 623 2573 et
644 2509 704 2589 via,
728 2528 809 2590 quac
824 2509 899 2573 illuc
922 2509 1067 2589 ducebat,
1082 2526 1146 2572 non
1161 2513 1227 2572 tam
1243 2512 1333 2571 erant

307 2615 426 2696 ignota,
455 2630 549 2694 quem
572 2611 682 2678 Livius
706 2611 745 2692 (1,
776 2611 831 2693 56)
855 2617 973 2691 narrat,
1006 2612 1153 2692 quoniam
1176 2610 1278 2674 Caere
1300 2614 1334 2674 et

310 2716 426 2782 Cumas
463 2716 559 2780 urbes
600 2734 671 2780 cum
701 2713 845 2796 Delphis,
891 2733 961 2778 cum
994 2715 1103 2778 Cumis
1132 2714 1264 2778 Romam
1301 2714 1333 2776 in

309 2819 500 2886 commercio
522 2817 619 2885 fuisse
642 2819 768 2900 scimus.
782 2815 806 2896 5)

394 2922 511 2988 Similis
533 2928 584 2986 cst
604 2921 685 2985 ratic
708 2920 840 2984 alterius
862 2919 1039 2999 legationis
1056 2937 1136 2998 quae
1159 2919 1216 2983 sub
1239 2917 1334 2982 finem

308 3026 412 3090 ultimi
444 3024 519 3089 belli
542 3024 684 3089 Veientis
717 3025 759 3102 (a.
787 3019 944 3106 3551399)
967 3041 987 3085 a
1007 3021 1172 3103 republica
1192 3021 1336 3086 Romana

309 3127 452 3209 Delphos
473 3128 570 3192 missa
591 3126 737 3191 traditur.
783 3124 888 3190 Causa
909 3125 1099 3206 supponitur
1128 3123 1217 3203 haec,
1252 3123 1335 3204 quod

309 3233 397 3296 lacus
419 3231 451 3293 iu
468 3228 590 3294 Albano
612 3247 742 3295 nemore
765 3229 832 3294 sine
854 3228 927 3293 ullis
943 3225 1134 3293 caelestibus
1156 3228 1245 3308 aquis
1263 3245 1335 3291 cau·

310 3352 384 3401 save
398 3351 460 3414 qua
475 3330 545 3408 alia,
562 3351 641 3414 quae
658 3349 725 3396 rem
741 3331 893 3396 miraculo
912 3330 1073 3410 eximeret,
1088 3331 1120 3393 in
1136 3329 1334 3393 altitudinem

312 3455 517 3470 *φ’-

380 3541 403 3609 ¹)
421 3539 512 3594 Etiam
531 3537 639 3592 Etrusci
657 3537 797 3590 oraculum
815 3535 1092 3603 petuntDelphicum,
1110 3549 1133 3584 v.
1153 3532 1216 3586 Hdt.
1235 3533 1256 3598 l,
1277 3539 1357 3604 ¹⁶⁷2

378 3641 402 3710 ²)
421 3642 499 3696 Ovidi
526 3640 586 3694 fast.
611 3641 652 3707 ΙΙ,
681 3647 743 3707 116;
766 3640 824 3692 Liv.
842 3640 863 3706 1,
891 3646 936 3706 56;
961 3639 1015 3693 Gic.
1036 3637 1068 3690 de
1092 3651 1148 3703 rep.
1167 3635 1201 3702 11,
1227 3643 1268 3701 94,
1293 3643 1334 3700 45,

311 3732 387 3783 Brut,
405 3736 451 3796 143
476 3728 535 3780 Val.
553 3728 627 3780 Max.
647 3724 706 3792 vll,
735 3731 758 3791 3,
783 3731 810 3790 23
831 3725 901 3778 Plin.
927 3741 951 3776 n.
976 3724 1002 3776 h.
1020 3723 1078 3790 XV,
1106 3728 1146 3788 30,
1168 3727 1228 3788 1343
1256 3720 1336 3772 Dion.

311 3815 373 3868 Hal.
390 3813 438 3880 IV,
457 3820 504 3880 69;
522 3813 574 3865 Dio
592 3813 640 3879 Xl,
660 3817 705 3878 123
723 3813 789 3864 Zon.
808 3811 868 3877 Vll‚
889 3819 928 3864 11.

380 3916 404 3986 8)
422 3917 502 3970 Dion.
521 3914 583 3967 Hal.
601 3913 648 3981 lV,
668 3915 796 3981 6832011.
815 3914 832 3966 l.
852 3927 874 3966 c.

329 4095 331 4100 Α
380 4020 404 4088 ⁴)
423 4019 573 4084 Rothmau‚
605 4016 795 4070 Observations
822 4031 857 4069 on
883 4015 928 4068 the
956 4013 1069 4068 Climate
1097 4011 1127 4064 ci
1150 4011 1222 4080 Italy
1249 4027 1274 4078 p.
1304 4015 1334 4076 63

312 4105 345 4162 ci.
363 4105 453 4173 Heba,
472 4101 692 4170 Culturpflanzen
711 4108 762 4156 etc.
783 4117 808 4170 p.
822 4107 886 4155 ·187.

381 4210 404 4277 5)
424 4208 459 4262 ci.
478 4205 629 4258 Weissenb.
647 4205 682 4258 ad
700 4205 718 4258 1.
738 4221 760 4258 c.
